3302 4914
786 279 829 342 28

698 367 910 377 m—

216 497 330 557 antem
353 488 478 576 (5-8),
502 492 561 578 qui
579 499 777 578 sequuntur,
803 493 907 559 Solon
922 494 1063 559 minime
1079 494 1260 562 Pisistrato
1276 521 1389 566 rerum

215 608 324 694 potito
349 608 495 673 scribere
518 607 641 694 potuit.
678 610 767 675 Nam
790 617 890 696 poeta
913 610 1180 677 dominationem
1202 613 1388 680 instantem

215 721 262 803 (v.
286 723 320 804 8)
348 724 442 789 illam
471 723 608 808 quidem
637 725 697 790 sed
723 726 877 791 nondum
904 734 1038 813 partam
1065 728 1225 816 respexit.
1272 730 1388 816 Atque

215 839 280 904 hoo
302 839 408 904 verba
429 834 544 919 βαίνει,
571 829 667 923 ὁρᾶτε
690 843 772 907 satis
796 849 912 928 aperte
936 843 1143 927 significant.
1182 845 1300 930 Itaque
1322 848 1388 912 etsi

213 956 346 1020 nullum
378 955 479 1020 huius
514 955 564 1020 rei
598 963 729 1021 extaret
764 957 1018 1042 documentum,
1055 958 1096 1025 do
1131 961 1194 1027 hoo
1227 985 1388 1028 versuum

214 1093 345 1137 conexu
373 1070 528 1136 dubitare
555 1071 623 1136 iarn
650 1095 720 1137 non
747 1072 874 1137 liceret.
922 1072 990 1138 Sed
1018 1075 1204 1158 genuinam
1227 1101 1387 1144 versuum

214 1187 337 1252 seriem
359 1182 604 1272 Plutarchus1),
628 1193 667 1252 ut
689 1188 877 1253 rectissime
900 1189 940 1253 B.
965 1187 1068 1253 Niese
1092 1187 1127 1270 (l.
1151 1193 1173 1257 l.
1197 1216 1229 1279 p.
1255 1196 1288 1274 5)
1310 1217 1386 1282 per·

214 1302 335 1389 spexit,
360 1324 501 1389 praese
526 1301 602 1367 fert.
642 1304 717 1368 Hoc
745 1303 838 1368 enim
865 1309 1000 1369 auctore
1024 1300 1158 1384 Solon2)
1182 1305 1243 1372 hos
1267 1333 1386 1377 versus

214 1417 365 1505 scripsit,
395 1441 472 1485 cum
494 1419 674 1485 Pisistrato
698 1420 863 1485 satellites
891 1420 932 1486 ab
957 1419 1228 1490 Atheniensibus
1257 1423 1386 1491 addicti

214 1541 337 1600 esseut.

320 1679 379 1761 Εἰς
402 1679 462 1770 γαρ
486 1684 635 1770 γλῶσσαν
659 1677 755 1770 ὁρᾶτε
777 1682 835 1748 καὶ
858 1680 905 1761 εἰς
929 1679 995 1772 ἔπη
1020 1678 1161 1766 αἱμύλον
1186 1676 1311 1771 ἀνδρὸς.

315 1792 425 1882 Ὑμιῦν
448 1791 526 1878 ὄέἷς
547 1798 606 1883 μὲν
630 1797 765 1877 ἕκαστος
789 1793 963 1876 ἀλώπεκος
985 1795 1087 1880 ἴχνεσι
1110 1796 1227 1883 βαίνει,

321 1919 497 1999 Σομπᾶσιν
519 1917 626 1999 ὃόμῖν
647 1919 763 1996 χαῦνος
786 1911 889 1980 ἔνεστι
913 1911 996 1992 νόος.

214 2073 307 2150 Quae
347 2071 614 2157 adhortationes,
654 2095 731 2137 oum
770 2071 813 2137 ad
851 2071 985 2136 irritum
1025 2071 1242 2156 cecidissent,
1282 2072 1385 2139 Solon

212 2198 400 2289 τυραννίδος
423 2193 484 2291 ἤδη
509 2197 710 2292 συνεστώσης
734 2200 789 2267 καὶ
814 2198 1063 2291 πεφοκοίας(ο.
1087 2207 1130 2270 30
1157 2206 1254 2286 extr.)
1283 2205 1383 2270 dixit:

499 2315 539 2382 Εἰ
563 2316 598 2382 δὲ
622 2314 820 2384 πεπόνθατε
844 2313 945 2405 toppo}
967 2343 995 2382 κ.
1021 2342 1049 2381 τ.
1074 2317 1102 2381 λ.

319 2455 434 2541 Atque
462 2456 665 2520 Plutarchus
694 2464 732 2520 ut
760 2455 883 2520 seriem
910 2477 1068 2519 versuum
1105 2454 1192 2519 bene
1223 2454 1383 2538 servavit,

213 2573 262 2638 ita
286 2594 402 2637 eorum
425 2571 611 2637 orationem
634 2594 704 2638 non
727 2572 775 2637 ita
796 2571 970 2659 corruptit.
1004 2570 1215 2654 Quamquam
1231 2569 1267 2634 in
1283 2591 1385 2634 versu

213 2688 376 2775 2frgm.:

427 2795 490 2887 Μή
513 2825 545 2864 τι
569 2803 664 2878 θεοῖς
687 2794 811 2864 τούτων
833 2802 952 2887 μοῖραν
975 2795 1192 2886 ἐπαμφέρετε.

212 2919 415 2986 Plutarchus
438 2943 499 3006 pro
523 2920 642 3003 μοῖραν
665 2919 780 3005 inepte
802 2919 899 3003 μῆνιν
913 2918 1036 3005 posuit.
1069 2919 1249 2982 Nemeum
1266 2917 1385 3000 μοῖραν

214 3030 452 3121 ἑπαμφὲρεινθ)
487 3037 652 3102 usitatum
687 3041 753 3120 est,
788 3041 862 3100 tum
898 3057 915 3099 e
949 3033 1103 3122 proximo
1137 3057 1238 3099 versu
1272 3032 1385 3098 lucide

213 3158 353 3239 apparet

383 3257 492 3329 Aiaci
517 3259 577 3352 γὰρ
600 3258 735 3341 τούτοις
758 3255 919 3352 ηὐξήσατε
942 3257 1070 3350 ρύματα
1095 3257 1204 3339 δόντες
1265 3248 1269 3262 ’

213 3403 255 3469 ab
279 3402 548 3468 Atheniensibus
577 3403 711 3490 culpam
739 3402 776 3466 in
808 3401 915 3467 iustos
951 3399 1031 3466 deos
1066 3400 1190 3465 iniuria
1224 3397 1386 3464 reiectam

214 3542 297 3585 esse.
344 3520 386 3584 In
409 3542 511 3585 versu
534 3525 648 3584 autem
672 3520 691 3583 7
715 3517 903 3604 fragmenti
926 3518 946 3581 9

458 3634 635 3714 Σομπᾶσιν
658 3623 765 3713 δ’ὗμῖν
788 3633 911 3718 κοῦφος
935 3625 1037 3694 ἔνεστι
1063 3622 1145 3704 νόος.

323 3872 349 3942 1)
368 3874 455 3927 Hunc
472 3872 542 3926 Max
560 3873 697 3926 Dunckar
715 3871 832 3946 (Glesoh.
851 3871 901 3925 des
920 3869 1089 3936 AltertumS‚
1109 3868 1159 3922 VI.
1179 3867 1231 3922 Bd.
1263 3868 1288 3921 5.
1310 3866 1385 3922 Aufl.

215 3962 335 4034 Leipzig
354 3963 431 4031 1882,
451 3980 477 4033 p.
496 3962 561 4028 452)
581 3966 695 4016 secutus
715 3966 766 4016 est.

320 4068 349 4139 2)
368 4071 491 4124 Versum
510 4072 560 4126 nu
572 4068 654 4138 ἔργον
673 4060 784 4120 ὃόὖδὲν
799 4060 966 4138 γιγνόμενον
977 4069 1088 4133 βλέπετε
1102 4070 1199 4119 utrum
1212 4063 1386 4119 Plutarchus

214 4178 252 4214 an
271 4159 332 4213 eius
351 4157 461 4212 librarii
480 4156 639 4226 omiserint,
658 4156 695 4212 ad
713 4175 775 4212 rem
788 4156 860 4210 hihil
880 4155 992 4210 attinet.
1020 4155 1120 4226 Neque
1131 4154 1161 4208 id
1174 4154 1246 4208 satis
1259 4156 1385 4224 apparet,

214 4268 286 4304 num
304 4253 380 4303 recte
398 4247 446 4302 ille
466 4248 588 4302 alterum
608 4246 751 4302 distichon
765 4238 859 4317 Ὑμῶν
879 4238 946 4304 δἐῐς
965 4264 988 4298 κ.
1008 4263 1030 4296 τ.
1050 4247 1072 4298 λ.
1092 4237 1158 4316 pos't
1177 4244 1299 4298 alterum
1319 4246 1386 4305 „Illc

215 4330 269 4408 γὰρ
288 4336 433 4408 plancam
453 4337 588 4409 posuerit.

321 4443 349 4516 3)
368 4445 419 4503 cfr.
439 4445 492 4501 rh.
512 4445 596 4500 Koch
614 4451 712 4501 annot.
732 4445 769 4500 ad
787 4444 934 4516 Aristoph.
954 4443 1022 4498 nub.
1042 4462 1068 4498 v.
1090 4443 1142 4496 160
1160 4446 1189 4496 et
1207 4439 1286 4493 2080.
