3302 4914
828 258 868 324 16

372 471 486 556 Atque
520 477 559 536 111
593 472 630 536 in
656 472 918 538 narratiunculis
943 474 984 539 de
1007 475 1155 562 Piiteoo,
1180 477 1229 544 ite
1251 479 1289 544 in
1312 480 1434 548 fabulis

267 587 309 652 de
331 589 456 652 Biante
479 587 521 652 eb
544 593 687 673 utroque
702 590 847 670 narretis
869 591 1013 656 eundem
1037 599 1211 658 suetorum
1234 617 1436 664 eonsensum

267 703 474 790 deiegemus
521 704 673 790 Uterque
708 706 799 770 enirn
835 705 973 772 exhibet
1005 706 1154 774 fabulam
1188 710 1230 775 de
1253 713 1434 780 Messeniis

266 820 459 904 virginibus
488 819 528 884 eb
557 819 614 884 iilo
637 821 790 887 liberetis
813 822 967 908 primam,
996 824 1137 889 alteram
1160 825 1202 891 de
1226 828 1358 914 tripode
1381 831 1434 896 illi

266 935 469 1000 adiudioeto
516 935 584 1000 Sed
607 958 673 1021 quo
696 938 1083 1024 meliusperspioiamus
1108 963 1318 1030 eonsensum,
1342 946 1432 1012 looos

266 1052 359 1138 ipsos
382 1073 616 1137 proponemus.

310 1167 411 1232 Diod.
444 1167 494 1250 13,
526 1168 559 1231 l:
590 1155 666 1228 “On
695 1163 796 1252 φασίν

265 1276 295 1344 ολ
332 1283 487 1367 Πριηνεῖς
525 1271 570 1356 ὡς
605 1277 796 1368 Μεσσηνίας

263 1391 301 1460 τδ
331 1392 421 1480 γένος
448 1389 633 1483 ἐπισήμους
660 1394 793 1482 παρθέ-

264 1535 338 1588 νους
380 1505 623 1598 λυτρωσάμενος
663 1504 680 1574 δ
710 1508 794 1589 ,Βίας

264 1622 357 1714 παρὰ
371 1627 498 1715 ληστιῦν
511 1620 559 1704 ὡς
571 1622 679 1704 ἰδίας
691 1632 793 1712 θυγα

263 1741 375 1831 τέρας
411 1739 549 1825 ἐντίμως
582 1728 669 1830 ἦγεν.
709 1739 792 1826 μετδ

263 1857 300 1923 δέ
314 1884 405 1936 τινας
419 1853 552 1945 χρόνους
567 1857 792 1946 παραγενομέ-

263 1999 325 2038 νων
353 1978 418 2038 τῶν
445 1977 603 2059 συγγενῶν
627 1970 711 2038 κατὰ
735 1971 792 2063 ζη-

262 2112 356 2180 τησιν
383 2083 554 2154 ἀπέδωκεν
583 2083 684 2168 αδτδς
720 2083 793 2156 oin

261 2210 399 2294 τροφεῖα
455 2201 663 2294 πραξάμενος
718 2199 792 2272 οίῖτε

261 2317 369 2410 λύτρα,
414 2315 584 2387 τοδνατίον
642 2320 677 2386 δὲ
727 2325 792 2386 τῶν

263 2435 356 2504 ἰδίων
406 2433 517 2502 πολλοὶ
564 2433 791 2526 δωρησάμενος

260 2579 289 2620 κ.
318 2579 346 2618 τ.
380 2554 408 2618 λ.
470 2559 500 2623 2.
533 2545 609 2618 Ὅτι
641 2557 791 2642 σαγηνεῖς

261 2665 446 2759 Μεσσήνιοι
484 2664 569 2734 κατὰ
602 2664 658 2733 τδν
691 2665 791 2753 βόλον

261 2784 369 2874 ἕτερον
391 2783 450 2868 μὲν
474 2778 788 2866 οδδὲνόινείλκυσαν,

258 2903 398 2984 χαλκοῦν
436 2899 472 2965 δὲ
507 2897 652 2989 τρίποδα
690 2897 790 2984 μόνον

259 3012 447 3106 ἐπιγραφὴν
492 3012 614 3098 ἔχοντα·
677 3039 788 3106 σοφω-

258 3129 357 3218 τοίτηι.
405 3125 603 3213 ἀναχθέντος
649 3132 685 3197 δὲ
731 3137 789 3199 τοῦ

258 3243 567 3330 κατασκευάσματος
585 3248 726 3338 δοθῆναι
742 3253 790 3334 τῷ

260 3363 387 3431 Βίαντι.

946 1171 1089 1256 Diog.1,
1107 1173 1165 1236 82:
1193 1167 1375 1251 Φανόδικος
1397 1173 1432 1238 δέ

903 1277 1002 1369 κόρας
1041 1279 1267 1364 αἰχμαλώτους
1310 1289 1431 1377 λυτρω-

901 1393 1039 1480 σοίμενον
1074 1397 1263 1488 Μεσσηνίας
1300 1402 1432 1492 θρέψαι

901 1538 941 1578 τε
957 1507 1005 1591 ὡς
1021 1513 1241 1602 θυγατέρας
1256 1514 1313 1580 καί
1329 1524 1430 1606 προῖ-

901 1653 960 1706 κας
993 1627 1167 1694 ἐπιδοῦναι
1201 1629 1257 1695 καὶ
1290 1628 1335 1710 είς
1371 1629 1429 1722 την

902 1743 1078 1833 Μεσσηνην
1122 1739 1330 1810 ἀποστεῖλαι
1359 1752 1429 1826 τοῖς

900 1855 1066 1947 πατρόσιν
1083 1854 1199 1926 αδτῶν.
1233 1858 1350 1950 Χρόνῳ
1368 1863 1431 1928 δ’ὲν

900 1980 973 2054 ταῖς
987 1969 1147 2065 Ἀθήναις
1168 1970 1211 2054 ὡς
1235 1975 1431 2068 προείρηται

899 2095 958 2157 τοῦ
973 2089 1133 2180 τρίποδος
1154 2086 1342 2180 εὑρεθέντος
1361 2087 1428 2158 ὑπὸ

899 2211 964 2272 τῶν
981 2203 1108 2289 ἁλιέων,
1133 2212 1191 2274 τοῦ
1211 2209 1334 2290 χαλκοῦ
1351 2207 1427 2274 ἐπι-

899 2320 1025 2412 γραφὴν
1066 2319 1194 2404 ἔχοντος
1244 2329 1299 2410 Τῷ
1336 2329 1430 2414 σοφῷ

898 2433 1041 2526 Σάτυρος
1063 2436 1122 2520 μέν
1146 2459 1227 2526 φησι
1246 2440 1430 2525 παρελθεῖν

897 2549 956 2632 τὰς
978 2548 1077 2641 κόρας
1100 2594 1141 2602 -
1167 2549 1198 2618 ολ
1223 2551 1258 2618 δὲ
1281 2549 1338 2619 τόν
1358 2580 1426 2618 παν-

897 2668 974 2758 τέρα
998 2663 1104 2734 αὐτῶν
1127 2661 1171 2746 ὡς
1200 2667 1256 2734 καὶ
1284 2664 1426 2734 (θανόδιφ

897 2810 954 2863 κος
978 2827 1019 2834 -
1043 2782 1090 2862 εἰς
1105 2781 1163 2874 την
1179 2782 1353 2874 ἐκκλησίαν
1369 2785 1427 2850 καί

897 2898 1004 2966 εἰπεῖν
1046 2897 1103 2966 τόν
1141 2898 1266 2966 Βίαντα
1313 2899 1426 2991 σοφόν,

897 3015 1134 3106 διηγησαμένας
1156 3013 1198 3081 τδ
1214 3011 1291 3082 καθ)
1310 3014 1428 3096 ἑαυτὰς

896 3131 953 3198 καὶ
969 3126 1140 3222 ἀπεστάλη
1159 3127 1175 3198 ὃ
1194 3131 1345 3222 τρίπους.
1370 3133 1426 3200 καί

898 3242 914 3313 δ
939 3245 1023 3326 Βίας
1047 3244 1126 3312 ίδιδν
1149 3245 1211 3338 ἔφη
1229 3247 1286 3315 τόν
1300 3244 1423 3314 ’Λπόλ-

896 3365 983 3429 λωνα
999 3361 1103 3453 σοφόν
1121 3357 1204 3430 εἶναι
1222 3365 1296 3430 ουδὲ
1318 3383 1423 3452 προσ-

898 3477 1010 3570 η’κατο.

365 3621 437 3686 Hes
465 3624 578 3684 euiem
605 3617 736 3684 fabulas
744 3614 767 3700 ¹)
796 3619 888 3685 idem
915 3619 1041 3685 referre
1070 3625 1333 3685 consentaneum
1363 3625 1425 3684 est.

258 3798 470 3807 *-

364 3904 393 3970 2)
412 3902 548 3956 Alfredus
567 3901 602 3956 de
621 3901 794 3956 Guisohmid
812 3900 924 3971 statuit,
944 3901 1021 3956 hune
1039 3902 1135 3956 locum
1155 3902 1189 3956 de
1209 3901 1423 3970 consuetudine²

260 4009 332 4063 quee
350 3991 449 4045 Bianti
468 4010 533 4045 eum
552 3991 703 4066 Messeniis
722 3990 893 4056 intercessit,
913 4009 930 4044 a
948 3991 1075 4046 Diodoro
1095 3991 1130 4045 de
1142 3991 1265 4061 Myrone
1276 3987 1425 4045 Prienensi

260 4081 460 4152 depromptum
485 4097 554 4135 esse.
591 4081 630 4134 st
649 4085 693 4134 est
716 4079 955 4133 verisimillimum
974 4097 992 4132 a
1014 4079 1144 4150 Myrone,
1172 4087 1289 4135 auctore
1313 4086 1424 4141 Μεσση-

258 4167 369 4233 νιακῶν,
388 4169 482 4240 primo
502 4171 554 4223 has
573 4169 687 4224 fabulas
706 4169 743 4222 ad
761 4169 883 4240 gloriam
902 4169 1016 4223 Biantis
1034 4171 1197 4239 augendam
1210 4174 1342 4224 narratas
1356 4182 1424 4222 esse.

258 4260 293 4312 A.
312 4259 347 4312 de
367 4258 539 4312 Gutsohmid
563 4259 616 4312 has
642 4275 687 4312 res
706 4258 737 4312 in
755 4258 893 4328 peouiieri
910 4257 1041 4328 Myronis
1059 4258 1131 4312 libro
1150 4263 1214 4329 περὶ
1234 4249 1301 4311 ἑπτὰ
1321 4252 1424 4324 σοφῶν,

259 4347 317 4417 qui,
336 4353 476 4418 quantum
499 4347 566 4411 seio,
595 4365 612 4400 a
636 4348 715 4401 nullo
738 4347 843 4402 allatus
866 4354 919 4417 est,
947 4348 1052 4401 relat-es
1081 4363 1149 4401 esse.
1186 4349 1222 4402 In
1249 4343 1301 4399 teli
1329 4349 1426 4398 autem

258 4436 330 4492 libro
357 4455 407 4491 our
432 4436 538 4508 Myron
561 4435 692 4491 homines
709 4435 868 4492 Messenios
892 4455 958 4492 oum
977 4436 1081 4494 Biante
1100 4437 1306 4492 coniuncturus
1328 4433 1426 4506 fuerit,
