3302 4914
806 251 828 312 8

710 339 921 346 m

231 463 382 550 protulit,
407 461 577 528 dicentem
599 458 741 543 finxit.1)
772 463 846 528 Hac
870 463 927 529 ille
948 463 1061 530 fabula
1076 470 1211 530 narrata
1228 464 1399 532 Phalarim

232 579 274 644 de
308 601 414 665 regno
449 577 627 664 depulsum
660 601 732 644 esse
764 580 898 644 rettulit
932 573 1003 663 (καὶ
1038 571 1185 664 Φάλαρις
1219 575 1255 642 ἐκ
1282 573 1399 643 τούτου

232 685 329 776 λόγου
353 683 502 774 ἀπέβαλε
524 685 583 778 τὴν
606 685 805 756 decoloretur.
839 695 906 761 Sed
926 695 1101 761 redeamus
1120 695 1163 760 ad
1178 696 1398 782 propositum.

231 809 284 876 Ao
314 811 351 874 in
378 809 570 896 fragmento
603 811 645 874 29
678 809 819 876 Adrasti
853 810 1052 897 depingitur
1085 813 1274 878 miserrima
1317 835 1418 906 sors.¹

231 926 300 992 Hic
327 925 577 992 animadvertas
608 925 725 991 Croesi
759 933 876 992 contra
902 925 1087 992 Adrastum
1114 928 1224 994 minas
1253 917 1400 1009 (ἀπειλεῖ

232 1037 337 1117 ζῶντα
359 1031 599 1124 κατακαύσειν).
645 1043 717 1106 Η11
741 1048 854 1107 autem
877 1041 1071 1108 Herodotus
1095 1043 1133 1128 (Ι,
1151 1044 1196 1110 44
1218 1035 1343 1122 μᾶλλόν
1365 1065 1399 1105 τι

232 1151 476 1238 ἐδεινολογεῖτο)
511 1163 568 1222 111
602 1157 763 1242 nescivit,
800 1163 859 1223 aut
886 1157 976 1244 quod
1003 1158 1089 1223 mihi
1115 1181 1314 1244 persuasum
1337 1165 1397 1244 est,

232 1274 385 1338 consulto
408 1273 646 1359 praetermisit,
671 1273 762 1358 quod
785 1297 861 1338 cum
884 1273 1034 1340 moribus
1057 1275 1148 1360 regis
1165 1298 1184 1340 a
1200 1298 1236 1340 se
1253 1275 1399 1362 depictis

231 1390 319 1454 male
343 1395 577 1474 congruerent.
625 1389 755 1454 Tamen
779 1388 868 1475 quod
890 1389 983 1454 idem
1007 1389 1048 1454 de
1073 1390 1189 1456 Croesi
1212 1391 1249 1455 in
1271 1391 1398 1456 Panta-

232 1507 380 1570 leontem
409 1503 610 1570 crudelitate
637 1505 805 1590 tradidit,
828 1528 945 1591 regern
983 1528 1003 1572 a
1032 1506 1158 1572 talibus
1190 1505 1396 1571 facinoribus

230 1620 490 1706 haudquaquam
525 1621 737 1688 abhorruisse
772 1621 991 1688 demonstrat.
1027 1623 1065 1706 (I,
1091 1623 1144 1706 92,
1171 1621 1234 1700 15).
1284 1620 1398 1707 Atque

230 1737 406 1824 Ephorum
430 1738 563 1824 saepius
591 1737 633 1802 ab
656 1737 829 1803 Herodoto
857 1737 1052 1804 discessisse
1079 1737 1171 1802 haud
1194 1739 1397 1824 ignoramus

229 1854 307 1918 Huc
331 1854 506 1940 pertinent
529 1853 719 1938 fragmenta
742 1855 794 1938 31,
821 1855 838 1918 1
864 1855 973 1920 1132.
1007 1855 1108 1920 Caret
1131 1860 1246 1918 autem
1261 1853 1398 1918 notissi-

166 1959 169 1962 ’
231 1992 325 2034 mum
347 1969 433 2034 illud
457 1969 498 2033 de
521 1969 661 2034 flumine
684 1970 857 2034 oraculum
879 1970 968 2056 apud
991 1969 1203 2035 Herodotum
1227 1969 1265 2054 (Ι,
1289 1969 1343 2053 53,
1365 1969 1398 2048 5)
1421 2035 1426 2045 ,

231 2085 420 2151 hexametri
453 2083 574 2169 forma,
611 2107 710 2170 quam
738 2084 907 2150 Diodorus
935 2088 988 2171 31,
1015 2087 1032 2151 1
1062 2085 1208 2151 exhibet.
1258 2084 1398 2149 Etenim

231 2200 296 2266 duo
320 2202 454 2267 oracula
478 2200 662 2266 secundum
685 2200 896 2266 Herodotum
919 2198 955 2285 (l.
979 2199 1017 2284 l.)
1046 2202 1189 2266 Croesus
1217 2223 1285 2266 uno
1313 2206 1397 2265 tem-

229 2340 310 2404 pore
334 2318 375 2383 ab
399 2317 560 2404 Apolline
583 2317 718 2404 petivit.
765 2318 897 2382 Horum
920 2319 1025 2383 altero
1050 2317 1151 2382 deum
1172 2316 1397 2403 respondisse,

229 2440 269 2500 ut
290 2457 351 2498 rex
375 2435 596 2519 Graecorum,
631 2456 713 2520 quos
741 2432 997 2520 potentissimos
1026 2433 1256 2518 cognovisset,
1291 2433 1398 2498 socios

230 2550 297 2616 sibi
324 2549 534 2636 adiungeret.
581 2551 655 2615 Hoc
683 2550 741 2615 ille
774 2556 910 2615 secutus
934 2551 1107 2616 oraculum
1130 2571 1208 2615 oum
1230 2548 1398 2614 Lacedae·
1505 2603 1506 2606 ,

231 2665 355 2731 moniis
391 2665 587 2731 societatem
622 2665 712 2732 iniit.
747 2666 839 2746 (Her.
869 2667 895 2750 Ι,
932 2661 1031 2748 69.)2)
1091 2667 1163 2731 Η11
1198 2670 1312 2730 autem
1345 2685 1399 2728 res

230 2803 365 2868 prorsus
404 2780 503 2847 aliter
537 2782 578 2848 ab
613 2781 750 2868 Ephoro
779 2788 950 2848 enarratas
974 2803 1061 2866 1111,
1098 2804 1115 2845 1
1143 2780 1333 2866 fragmento
1357 2781 1399 2845 32

230 2897 447 2984 perspicitur,
487 2897 579 2984 quod
613 2897 654 2963 de
688 2892 785 2980 h00³)
826 2897 1063 2984 depromptum
1097 2920 1170 2962 1111
1207 2897 1399 2963 Klueberus

339 3143 365 3214 1)
386 3144 541 3212 Quaerenti
563 3143 636 3199 mihi
654 3145 785 3216 exempla
803 3143 890 3198 huius
907 3161 953 3200 res
972 3144 1138 3199 conectendi
1157 3144 1269 3216 generis
1288 3161 1322 3198 ea
1339 3161 1398 3198 nen

232 3233 420 3288 occurrebant
445 3233 521 3305 apud
543 3233 711 3288 Diodorum.
749 3234 848 3288 Unum
867 3233 943 3305 quod
963 3234 1000 3289 H.
1020 3233 1109 3303 Diels,
1134 3252 1190 3304 qua
1209 3239 1253 3288 est
1271 3233 1400 3302 benigni·

231 3328 304 3393 tate,
332 3341 445 3378 mecum
473 3323 712 3392 communicavit,
739 3341 913 3394 quamquam
938 3341 997 3378 non
1025 3324 1110 3396 plane
1138 3324 1174 3378 ad
1202 3324 1256 3376 hoc
1279 3327 1398 3392 spectat,

232 3413 469 3468 commemorabo.
514 3413 551 3468 In
573 3413 648 3468 libro
674 3413 743 3480 XII,
764 3413 805 3482 11,
824 3412 843 3466 4
865 3429 906 3483 sq.
934 3412 1079 3468 Diodorus
1106 3413 1203 3485 inepte
1232 3411 1401 3466 Charondae

231 3502 343 3574 legibus
366 3502 540 3556 Thuriorum
567 3502 774 3575 rempublicam
802 3503 991 3558 constitutam
1018 3521 1080 3558 esse
1102 3501 1242 3557 narravit.
1279 3502 1343 3556 Hac
1370 3517 1401 3556 re

231 3585 489 3663 exposita'Zaleuoi
506 3592 585 3662 leges
605 3584 667 3659 (did
685 3609 713 3643 τε
732 3583 780 3657 τὴν
799 3585 902 3663 ὁμοίαν
921 3597 1086 3663 προαίρεσιν
1104 3591 1153 3644 τοῦ
1166 3597 1229 3659 βίου
1247 3594 1294 3641 καὶ
1312 3583 1342 3642 τὸ
1356 3609 1400 3659 γε·

231 3685 344 3751 γονέναι
362 3672 425 3738 τοὺς
445 3670 548 3751 ἄνδρας
567 3681 596 3732 ἐν
616 3672 730 3732 πόλεσιν
750 3673 948 3749 ἀστυγείτοσιν.
971 3682 1012 3749 12,
1032 3681 1073 3749 19,
1092 3679 1121 3750 3)
1145 3679 1329 3750 explicandas
1353 3699 1401 3734 an-

231 3769 321 3825 nexit.
358 3768 435 3823 Fieri
454 3775 552 3823 autem
570 3769 678 3840 potuit,
696 3774 730 3822 ut
748 3768 892 3824 Diodorus
910 3774 1026 3840 poetam
1044 3768 1151 3839 Aesopi
1169 3769 1292 3824 similem
1310 3769 1342 3824 in
1360 3769 1401 3824 Si-

233 3859 298 3914 cilia
315 3857 478 3913 Phalaridis
496 3857 674 3928 temporibus
692 3857 823 3912 11111111
847 3864 876 3912 11
898 3858 935 3912 ab
953 3857 1008 3910 hoc
1026 3857 1156 3912 fabulam
1177 3859 1321 3929 prolatam
1340 3875 1401 3913 esse

232 3954 371 4003 narraret.

339 4053 367 4126 2)
386 4054 551 4110 Herodotus
578 4054 649 4108 duas
675 4053 915 4110 contaminaviese
937 4054 1053 4110 videtur
1075 4055 1268 4125 narrationes;
1296 4055 1401 4108 harum

233 4145 354 4200 alteram
372 4163 390 4198 a
407 4144 587 4216 Delphorum
606 4143 763 4216 interprete
782 4144 816 4198 de
835 4162 924 4215 regno
943 4143 1084 4216 periture,
1112 4145 1233 4199 alteram
1258 4143 1292 4198 de
1315 4143 1401 4198 sociis

232 4233 423 4305 adiungendis
436 4252 453 4288 a
466 4233 700 4288 Lacedaemoniis
719 4233 837 4306 accepit.
863 4235 947 4289 Hanc
967 4234 1002 4288 cb
1022 4252 1138 4289 causam
1157 4233 1305 4288 oraculum
1324 4233 1400 4304 apud

233 4341 299 4379 eum
317 4339 403 4377 versu
422 4322 536 4378 heroico
555 4329 641 4378 caret.

339 4427 367 4499 3)
387 4429 422 4484 cf.
442 4430 540 4502 Frgm.
560 4431 597 4486 H.
612 4431 661 4486 Cr.
681 4432 716 4488 ed
735 4432 765 4487 C.
778 4432 813 4486 A.
827 4432 879 4488 Th.
893 4431 1015 4488 Mueller
1033 4450 1059 4488 v.
1079 4431 1094 4486 Ι
1112 4429 1216 4499 fragm.
1232 4429 1283 4482 106
1295 4448 1322 4500 p.
1339 4431 1399 4484 137.
