3302 4914
714 261 927 362 „Ae-

237 487 280 551 21
312 505 429 549 versus
445 481 606 564 ¹Solonis,
643 487 682 545 ut
709 481 749 545 B.
773 474 907 559 Niesel)
936 478 1079 563 detexit,
1116 501 1192 543 eum
1228 478 1291 563 eis,
1327 499 1409 564 quos

238 601 408 685 Diogenes
432 598 558 681 attulit,
581 596 668 661 bene
693 602 893 680 congruunt.
931 596 998 660 Hic
1021 602 1135 661 autem
1159 617 1342 660 consensus
1366 595 1410 661 ad

239 716 348 782 fontes
377 713 627 800 cognoscendos
657 713 713 778 vel
741 712 783 777 ob
811 711 847 776 id
875 734 1037 796 magnum
1064 711 1167 776 habet
1190 718 1408 797 momentum,

238 832 327 917 qued
342 831 546 896 Plutarchus
570 829 606 893 in
631 827 758 893 eisdem
781 827 936 892 versibus
960 827 1183 892 multifariam
1206 828 1248 892 ab
1264 835 1407 913 utroque

237 948 390 1014 dissidet.
439 945 507 1012 Sed
533 952 649 1010 tamen
675 945 715 1009 B.
740 945 843 1010 Niese
870 942 1058 1009 Diodorum
1087 950 1121 1007 et
1148 943 1339 1029 Diogenem
1368 967 1410 1009 ex

236 1071 372 1131 auctore
407 1062 558 1127 hausisse
593 1061 750 1147 opinatus
788 1066 853 1144 est,
890 1060 949 1146 qui
982 1060 1044 1125 hos
1072 1079 1191 1124 versus
1220 1082 1261 1123 ex
1292 1059 1410 1126 eodem

237 1181 343 1262 fonte,
370 1201 434 1264 quo
457 1178 669 1262 Plutarchus,
694 1177 967 1263 deprompsisset.
1003 1176 1112 1253 Quam
1129 1175 1325 1262 opinionem
1343 1198 1408 1261 quo

238 1295 358 1360 melius
394 1294 633 1378 diiudicemus,
670 1299 704 1357 et
731 1316 849 1357 versus
878 1293 969 1378 ipsos
998 1315 1017 1357 a
1045 1290 1191 1356 diversis
1215 1291 1408 1356 auctoribus

238 1410 379 1476 traditos
404 1411 616 1476 conferamus
640 1416 675 1472 et
698 1408 928 1493 exquiramus,
964 1430 1110 1492 quonam
1138 1407 1180 1472 de
1207 1406 1302 1472 fonte
1329 1408 1410 1472 Plu-

237 1527 372 1592 tarchus
397 1526 530 1592 Solonis
555 1524 705 1589 carmina
729 1523 983 1608 deprompserit.

343 1643 375 1707 A
391 1642 503 1726 priore
519 1639 657 1704 initium
674 1638 848 1704 faciamus.
888 1641 963 1704 Duo
981 1645 1093 1704 autem
1111 1637 1266 1724 disticha,
1285 1639 1408 1725 quibus

238 1759 341 1822 Solon
380 1755 554 1820 Pisistrati
592 1755 811 1840 tyrannidem
854 1755 1064 1842 praedixisse
1107 1761 1277 1840 narratur,
1318 1755 1409 1841 apud

236 1867 451 1957 uerumque2)
474 1873 523 1937 sie
547 1878 683 1937 exarata
705 1872 875 1937 videmus:

342 1977 396 2048 Ἕκ
419 1983 554 2072 νεφέλης
577 1982 715 2048 πέλεται
738 1979 846 2065 χιόνος
868 1982 964 2066 μένος
988 1976 1046 2071 ηδὲ
1067 1977 1210 2071 χαλάζης

344 2095 470 2187 Βροντὴ
495 2098 562 2163 δ’ἐκ
586 2100 742 2186 λαμπράς
765 2097 886 2184 γίνεται
911 2092 1098 2187 ἀστεροπῆς

342 2209 485 2302 Ἀνδρῶν
497 2213 574 2296 ’δ’ἐκ
597 2210 870 2299 μεγάλωνπόλις
894 2207 1042 2279 ὄλλυται·
1068 2212 1114 2292 εἰς
1138 2213 1175 2280 δέ
1196 2209 1359 2302 μονάρχου

344 2335 466 2420 ΛημοςΙ
482 2325 608 2420 άιδραή
634 2326 830 2420 δουλοσύνην
853 2327 1013 2418 ἔπεσενκθ)

236 2451 288 2518 Ac
309 2451 557 2539 discrepantiae
579 2451 743 2537 quaedam
763 2453 1003 2516 nonnullorum
1022 2452 1201 2516 verborum
1221 2451 1312 2515 inter
1327 2451 1409 2516 Dio-

234 2590 358 2652 genem
382 2575 416 2632 et
439 2568 626 2633 Diodorum
650 2591 692 2633 ex
714 2567 1039 2655 interpretamentis,
1065 2589 1149 2652 quae
1168 2567 1302 2661 saepius
1320 2566 1410 2653 apud

344 2798 371 2865 1)
390 2799 450 2852 Zur
469 2797 641 2852 Geschichte
654 2797 757 2852 Solons
769 2797 830 2850 nnd
842 2797 936 2850 seiner
952 2786 1025 2866 Zeit,
1044 2796 1216 2851 historische
1234 2797 1407 2852 Untersuch.

236 2904 294 2941 von
313 2887 452 2941 friiheren
470 2885 657 2956 Mitgliedern
676 2886 726 2941 des
738 2887 838 2941 hister.
860 2886 1006 2940 Seminars
1024 2905 1061 2940 zu
1074 2886 1248 2941 Greifswald
1268 2905 1294 2940 u.
1314 2887 1408 2954 Bonn,

239 2976 307 3028 1882
325 2994 352 3046 p.
372 2977 450 3029 3-8.

343 3081 371 3152 2)
391 3081 443 3137 Th.
463 3083 568 3153 Bergk,
588 3083 606 3136 l.
625 3083 643 3137 l.
663 3083 750 3154 frgm.
770 3085 786 3137 9
806 3083 841 3138 cf.
861 3083 946 3155 Diog.
966 3085 989 3153 I,
1009 3085 1051 3138 50.

344 3189 372 3257 3)
391 3188 476 3260 Apud
496 3189 656 3244 Diodorum
675 3190 763 3244 etiam
782 3189 813 3243 hi
831 3209 931 3245 versus
950 3197 1052 3245 extant
1071 3196 1136 3262 post
1155 3191 1272 3246 allatos:

469 3283 540 3345 Λίης
560 3279 715 3349 δ’ἐξέραντα
735 3273 847 3350 ραίδιὸν
866 3282 922 3332 ἐστι
941 3286 1090 3349 κατασχεῖν

466 3361 605 3439 Ὕστερον,
630 3362 678 3421 :ill
696 3360 749 3436 ἤδη
764 3362 818 3438 χρὴ
838 3373 901 3439 περὶ
921 3363 1011 3421 πάντα
1031 3375 1114 3423 νοεῖν.

199 3471 205 3486 ·
239 3458 294 3512 His
312 3458 342 3512 in
361 3457 494 3513 versibus
513 3464 649 3529 torquent
667 3477 698 3514 se
717 3459 853 3513 carminis
871 3458 1050 3529 interpretes.
1079 3460 1144 3513 Hoc
1163 3461 1198 3513 ob
1217 3459 1247 3514 id
1260 3460 1347 3513 inane
1366 3478 1412 3514 me

240 3547 354 3614 quidem
373 3547 467 3602 iudice
486 3553 538 3618 est,
559 3549 635 3618 quod
654 3554 719 3619 post
739 3567 855 3603 versum
874 3549 891 3602 5
910 3547 1007 3619 (frgm.
1028 3551 1044 3602 9
1063 3549 1150 3618 ng.)
1169 3549 1288 3602 nonulla
1307 3549 1412 3602 omissa

239 3633 296 3687 sint
315 3655 430 3692 necesse
449 3644 501 3692 est.
534 3637 654 3708 Bergkii
667 3637 846 3708 aliorumque
861 3637 1042 3692 coniecturae
1055 3638 1110 3692 etsi
1128 3637 1290 3709 probabiles
1309 3641 1412 3705 essent,

239 3725 335 3777 tamen
353 3727 425 3780 alter
446 3745 548 3782 versus
565 3720 700 3796 Ὕστερον
721 3717 777 3778 ἄλλ’
797 3728 872 3780 male
892 3746 957 3781 cum
976 3727 1070 3798 priore
1083 3727 1313 3797 coniungeretur.
1342 3727 1412 3780 For·

239 3815 315 3864 tasse
325 3814 497 3870 Plutarchus
512 3816 687 3872 sententiam
703 3817 810 3870 reddit:
830 3816 885 3870 Sol.
898 3835 920 3870 c.
931 3817 966 3870 30
986 3809 1027 3868 ὅτι
1047 3821 1093 3867 καὶ
1112 3809 1142 3867 τό
1161 3809 1408 3886 ιιινηιιονεοὸμενον

239 3897 316 3951 εἶπεν
335 3893 369 3958 ὠς
388 3900 498 3974 ,πρώην
515 3907 569 3976 μὲν
595 3900 799 3976 εὐμαρέστερον
826 3899 918 3964 αὐτοῖς
936 3899 966 3957 τὸ
986 3905 1106 3957 κωλῦσαι
1126 3897 1173 3971 τὴν
1191 3904 1342 3974 τυραννίδα
1366 3897 1414 3971 τὴν

239 3994 450 4060 συνισταμένην,
479 3994 528 4044 νῦν
551 3994 582 4047 δὲ
606 3988 703 4066 μεῖζόν
726 3997 784 4047 ἐστι
808 3999 855 4046 καὶ
879 3989 1072 4066 λαμπρότερον
1095 3987 1213 4060 ε’κκὸιμαι
1237 3998 1283 4045 καὶ
1308 3987 1413 4046 άνελεῐν

238 4077 410 4130 σινεστιῡταν
429 4072 478 4146 ἤδη
498 4102 521 4134 κ.
540 4103 562 4136 τ.
582 4087 604 4135 λ.
652 4084 755 4139 Nescio
783 4103 821 4138 an
844 4103 901 4139 vox
926 4078 1128 4155 εὐμαρέστερον
1153 4101 1169 4137 0
1191 4083 1322 4138 versibus
1344 4083 1415 4154 ipsis

238 4167 364 4224 fluxerit.
410 4169 474 4224 Hoc
501 4178 598 4226 autem
622 4173 768 4228 contraria
792 4173 963 4228 annectendi
987 4191 1078 4244 genus
1096 4178 1198 4243 poetae
1217 4173 1352 4244 elegiaci,
1382 4177 1415 4225 ut

237 4257 316 4312 infra
329 4258 485 4330 explieabO,
499 4260 529 4314 in
543 4262 653 4317 deliciis
667 4263 819 4318 habebant.
851 4265 923 4317 Post
935 4280 1051 4317 versum
1064 4261 1155 4332 igitur
1168 4266 1240 4327 Λιής
1259 4256 1414 4328 δ’ἐξέραυτα

238 4353 450 4418 pentametrum
470 4354 499 4403 et
512 4351 711 4406 hexametrum
728 4353 867 4407 excidisse
880 4357 958 4422 puto.
978 4352 1064 4405 Hunc
1077 4351 1249 4406 subsecutus
1262 4353 1415 4406 estPenta-

239 4443 341 4494 meter:
360 4431 501 4509 Ὕστερον,
523 4433 570 4492 til).
592 4431 641 4507 ἤδη
656 4435 710 4511 χρη
730 4446 794 4512 περὶ
814 4435 904 4493 πάντα
923 4446 1005 4497 νοεῖν.
