3302 4914
807 275 849 344 35

725 369 937 378 Μ

247 499 432 585 contendit‚
456 503 495 564 ut
518 496 632 562 omnia
656 518 698 561 ex
721 494 838 561 eodem
859 502 995 560 auctore
1011 494 1211 581 deprompta
1227 515 1299 558 esse
1316 515 1416 580 appa-

245 622 345 684 reret.
382 616 572 700 Utrumque
596 618 710 678 autern
733 612 843 698 magis
866 611 1031 676 iudicium
1055 633 1155 696 quam
1179 616 1417 696 argumentum

246 733 382 799 videtur
406 755 488 796 esse.
524 731 599 794 Hoo
622 729 734 816 ipsum
758 729 850 793 enirn
873 727 1055 813 quaeritur,
1079 749 1145 812 qua
1167 727 1299 792 ratione
1320 726 1417 792 Plut-

247 849 366 916 archus
375 841 400 931 1)
424 852 587 930 auctores,
613 844 735 930 quibus
757 867 838 910 usus
863 849 923 928 est,
948 842 1151 908 adhibuerit.

352 965 426 1030 Iam
438 963 654 1049 perspicuum
672 961 743 1026 fore
760 983 858 1047 spero
874 959 963 1025 nihil
979 982 1062 1044 esse,
1080 959 1169 1044 quod
1185 958 1367 1024 Plutarcho
1381 959 1418 1025 in

246 1081 402 1147 versibus
416 1079 549 1145 Solonis
562 1077 698 1143 traditis
715 1076 818 1142 fidem
831 1076 1032 1161 derogemus
1044 1082 1103 1141 aut
1119 1097 1282 1161 negemus
1299 1075 1340 1140 ab
1355 1075 1419 1140 hoc

247 1219 265 1262 e
282 1195 487 1262 carminibus
500 1193 645 1279 integris
657 1216 776 1259 versus
794 1193 1011 1280 depromptos
1028 1186 1146 1276 esse.²)
1171 1191 1245 1268 Quo
1262 1213 1419 1257 concesso

246 1311 309 1376 hoc
338 1311 500 1376 affirmari
527 1315 655 1396 potest,
684 1331 704 1373 a
726 1309 883 1395 Diogene
907 1313 941 1372 et
963 1306 1114 1372 Diodoro
1139 1307 1272 1372 Solonis
1301 1329 1419 1372 versus

248 1461 289 1472 —-
317 1427 353 1492 id
381 1427 470 1512 quod
498 1449 614 1492 eorum
642 1421 826 1490 consensus
854 1423 1069 1510 apertissime
1097 1423 1269 1510 significat
1300 1461 1341 1469 -
1378 1446 1420 1488 ex

247 1542 364 1608 eodem
387 1542 484 1607 fonte
501 1541 716 1628 depromptos
733 1563 814 1605 esse.
846 1541 921 1604 Iam
937 1547 1091 1626 apertum
1108 1546 1168 1624 est,
1185 1539 1418 1625 fragmentum

246 1660 288 1724 21
306 1682 347 1723 ex
362 1657 499 1743 Ephoro
515 1679 585 1722 non
607 1657 755 1724 fluxisse.
786 1657 872 1722 Nam
890 1657 1063 1742 Diogenes
1085 1679 1127 1720 ex
1141 1655 1386 1722 Alexandrinis
1393 1651 1420 1741 3)

246 1797 307 1859 per
333 1779 386 1838 tot
413 1772 542 1838 rivulos
570 1773 707 1859 pendet.
753 1771 868 1858 Atque
892 1796 912 1838 a
934 1772 1082 1838 Diodoro
1110 1771 1246 1858 prorsus
1270 1772 1420 1839 alienum

248 1895 300 1954 est
323 1911 341 1953 e
365 1888 570 1954 carminibus
599 1889 799 1974 diligentins
829 1912 1023 1976 excerpere,
1059 1911 1144 1974 quae
1173 1889 1216 1954 ad
1243 1889 1421 1954 historiam

247 2005 431 2091 pertinent.
461 2005 582 2091 Itaque
606 2005 836 2090 fragmentum
859 2007 902 2070 21
927 2027 1130 2091 quamquam
1155 2028 1231 2070 eum
1252 2005 1420 2090 Diogenis

247 2122 441 2187 narratione
469 2123 645 2208 paululum
674 2122 859 2208 discrepat,
889 2123 940 2203 (ut
967 2121 1057 2186 infra
1081 2118 1270 2208 explicabo)
1304 2129 1421 2186 tamen

249 2261 291 2302 ex
314 2238 433 2303 eodem
456 2237 551 2302 fonte
574 2237 712 2302 fluxisse
734 2243 832 2323 puto,
867 2261 886 2302 e
914 2260 979 2324 quo
1009 2244 1140 2303 ceterae
1168 2245 1300 2324 septem
1323 2237 1419 2324 Sapi-

250 2359 367 2419 entum
391 2354 480 2440 apud
502 2353 691 2419 Diodorum
713 2353 857 2440 fabulae,
881 2361 1047 2440 quantum
1071 2377 1148 2420 curn
1162 2354 1317 2440 Diogene
1341 2376 1419 2419 con-

248 2470 411 2535 sentiunt.

356 2717 383 2790 1)
402 2717 517 2774 Confer.
541 2717 681 2772 Adolfum
709 2717 848 2788 Schmidt,
876 2717 902 2772 d.
923 2717 1110 2789 perikleische
1137 2717 1276 2774 Zeitalter
1303 2718 1359 2774 vol.
1380 2717 1419 2789 ΙΙ,

248 2827 275 2880 p.
294 2808 329 2864 47
348 2826 389 2879 sq.
409 2815 438 2862 et
456 2827 483 2879 p.
498 2808 542 2862 49.
567 2807 847 2876 „Nichthistcrische
871 2807 991 2874 Quellen
1009 2807 1163 2878 prirnt'rren²
1192 2807 1373 2863 sokundttren
1392 2827 1419 2862 n.

249 2896 387 2951 tertiaren
405 2897 524 2968 Banges
543 2896 620 2950 nieht
632 2897 773 2951 Plutarch
792 2896 852 2951 fast
864 2895 911 2951 bei
926 2897 1009 2968 jeder
1021 2897 1344 2968 Lebensbesohreibung
1356 2896 1421 2952 sub·

250 2983 401 3064 sidiarisch
419 3003 471 3039 eus
490 2985 545 3040 den
564 2986 815 3041 verschiedensten
834 2985 974 3041 Gebieten
993 2987 1044 3040 der
1062 2986 1224 3042 Litteratur
1241 2986 1366 3042 herbei.“

357 3089 385 3162 2)
405 3092 440 3146 In
468 3093 681 3163 comparatione
709 3094 821 3148 Solonis
840 3112 863 3150 c.
887 3093 1042 3164 Poplicola.
1071 3111 1094 3148 c.
1115 3095 1139 3148 l.
1167 3094 1281 3148 Tullum
1308 3093 1422 3149 Solonis

250 3179 426 3235 carminibus
444 3200 503 3236 non
520 3181 718 3253 praedicatum
736 3201 798 3238 esse
811 3184 987 3238 Plutarchus
1006 3184 1112 3238 diserte
1130 3183 1211 3238 dixit.
1238 3183 1342 3238 Nonne
1354 3200 1421 3238 con-

249 3275 419 3326 sentaneum
438 3277 491 3340 est,
510 3272 546 3325 ab
565 3271 614 3325 illo
634 3289 649 3326 e
668 3290 720 3326 sua
738 3272 829 3344 ipsius
848 3272 968 3327 scientia
987 3272 1058 3326 haec
1077 3273 1184 3327 hausta
1202 3271 1282 3327 esse?

357 3377 385 3449 3)
406 3377 588 3449 Quamquam
615 3379 671 3433 hoc
698 3397 734 3434 ex
761 3377 998 3434 annotationibus
1025 3379 1246 3434 stichometricis
1274 3377 1321 3450 (of.
1340 3380 1374 3434 Ε.
1393 3398 1421 3434 v.

249 3465 385 3536 Leutsch,
404 3485 431 3538 p.
453 3465 515 3538 136)
535 3467 703 3522 concludere
721 3468 780 3522 iam
798 3469 950 3523 nonlicet.
980 3470 1013 3526 Ε.
1024 3467 1423 3540 Hillerus(Rhein.Museum

251 3571 277 3608 v.
296 3557 339 3626 33,
357 3575 384 3628 p.
403 3555 468 3627 523)
496 3557 550 3612 hes
569 3574 669 3612 omnes
687 3576 704 3611 a
723 3557 841 3613 Lobone
864 3558 948 3613 fictas
967 3576 1028 3614 esse
1047 3559 1266 3614 demonstravit.
1312 3559 1422 3613 Tamen

251 3641 378 3700 Hillere
401 3645 515 3700 Solonis
543 3646 719 3702 carminibus
747 3647 844 3702 omnia
872 3647 998 3719 exceptis
1025 3647 1084 3704 illis
1112 3647 1319 3720 ,,δημηγοριίιι“
1344 3654 1422 3703 recte

252 3740 418 3788 enumerata
442 3753 503 3790 esse
522 3736 677 3791 contendit.
724 3738 788 3791 Hoc
807 3744 917 3791 certum
936 3743 988 3806 est,
1017 3756 1083 3792 oum
1102 3757 1117 3793 e
1135 3743 1198 3793 toto
1217 3755 1335 3807 conexu,
1359 3743 1423 3792 tum

253 3837 288 3874 ex
307 3819 405 3891 inepta
423 3823 644 3896 interpolatione
663 3825 867 3897 „dupuyopruiu
896 3827 927 3880 in
947 3828 1047 3882 eadem
1066 3826 1184 3882 officina
1202 3826 1280 3880 hunc
1298 3827 1423 3881 indicem

198 3940 204 3952 »
251 3909 424 3966 fabricatum
452 3931 522 3984 esse,
549 3915 580 3970 in
609 3933 665 3986 qua
693 3922 854 3970 ceterorum
884 3917 1048 3988 sapientum
1067 3916 1203 3971 carmina.
1241 3916 1423 3987 Quamquam

250 3998 354 4053 Lobon
373 4000 410 4052 ad
427 4002 489 4056 veri
507 4005 631 4073 speciem
644 4005 807 4077 augendam
820 4005 947 4076 genuina
958 4005 1047 4061 indici
1065 4005 1190 4060 inserere
1202 4005 1306 4077 potuit,
1325 4011 1423 4060 tamen

251 4108 339 4160 quarn
358 4089 482 4144 multum
500 4109 601 4147 verum
619 4101 670 4148 eut
689 4095 790 4149 fictum
808 4095 847 4149 sit
865 4095 922 4149 nisi
934 4095 983 4150 alii
996 4099 1084 4149 testes
1103 4095 1251 4164 accedunt,
1272 4094 1439 4149 diiudicari

250 4195 309 4233 non
328 4181 432 4249 potest.
471 4179 556 4234 Velut
575 4183 671 4237 nescio
690 4203 728 4237 an
751 4178 835 4255 νόμοι
860 4184 931 4239 item
954 4203 971 4238 a
995 4183 1112 4237 Lobone
1140 4183 1207 4238 hinc
1234 4183 1323 4238 indici
1350 4184 1423 4238 falso

251 4266 352 4322 inserti
380 4266 448 4338 sint,
476 4285 650 4340 quamquam
678 4273 814 4328 Duncker
840 4274 859 4328 1.
878 4274 896 4328 l.
925 4273 975 4342 VI,
1005 4291 1030 4344 p.
1053 4273 1105 4326 249
1133 4278 1162 4326 et
1189 4273 1227 4326 ib.
1247 4291 1313 4328 ann.
1332 4274 1350 4326 2
1368 4271 1423 4327 hoc

252 4373 366 4412 carmen
384 4375 484 4430 reapse
503 4375 521 4412 a
539 4358 642 4414 Solone
660 4360 771 4416 facturn
789 4379 851 4418 esse
869 4361 982 4417 statuit.
1010 4362 1047 4416 H.
1066 4362 1157 4416 Flach
1175 4368 1252 4418 recte
1269 4363 1287 4417 l.
1301 4362 1318 4418 l.
1329 4381 1356 4433 p.
1368 4363 1423 4416 362

252 4457 318 4500 ann.
336 4447 354 4500 2
372 4445 526 4521 dubitavit,
554 4467 625 4504 num
650 4468 786 4507 numerus
806 4451 931 4524 quinque
949 4450 1062 4506 milium
1080 4469 1218 4509 versuum
1236 4469 1322 4507 verus
1340 4456 1423 4507 esset.

1228 4560 1263 4613 3*
