3302 4914
827 227 850 296 4

730 320 942 330 ——-————-—=

253 445 402 511 annexit.
449 445 548 512 Nunc
571 445 762 531 rideamus,
796 468 976 531 quemnam
1004 447 1061 511 ille
1092 453 1226 512 secutus
1251 453 1421 514 auctorem

253 567 458 627 conventum
482 562 674 647 sapientum
696 561 786 648 apud
810 563 971 627 Croesum
994 562 1149 628 habitum
1173 564 1375 648 exposuerit.

358 678 410 744 Ac
445 672 635 760 convivial)
669 678 725 741 vel
760 684 948 743 conventus
978 685 1108 764 septem
1136 679 1335 764 Sapientum
1365 679 1420 744 de-

252 801 387 860 cantata
422 817 504 878 esse,
540 815 558 857 e
585 793 721 858 Laertio
749 795 904 879 Diogene
940 792 979 878 (Ι,
1002 791 1060 877 40)
1093 795 1236 880 aliisque
1271 802 1420 882 apparet.

250 910 320 976 Nos
358 932 489 995 quoque
525 910 716 996 exemplum
748 909 969 976 invenustum
1008 910 1093 975 illud
1128 911 1264 995 quidem
1299 918 1334 976 et
1368 912 1420 976 in·

250 1025 388 1090 ficetum
417 1024 593 1090 Plutarchi
617 1012 823 1090 Convivium
852 1033 982 1111 septem
1015 1025 1215 1112 Sapientum
1248 1034 1420 1092 servatum

251 1140 423 1206 habemus.
470 1141 639 1206 Nimirum
663 1140 700 1205 in
722 1140 777 1205 his
801 1141 969 1206 conviviis
993 1141 1174 1227 scriptores
1199 1143 1281 1208 satis
1303 1166 1418 1208 recen-

251 1256 348 1322 tioris
372 1257 494 1322 aetatis
518 1256 560 1320 de
583 1256 712 1343 optima
733 1257 783 1321 rei
806 1256 960 1342 publicae
984 1255 1105 1341 forma,
1130 1257 1171 1321 de
1194 1259 1419 1345 religionibus

252 1395 290 1437 ac
314 1373 408 1437 cultu
432 1371 579 1457 deorum,
604 1372 646 1436 de
669 1371 802 1437 facetiis
826 1395 864 1437 ac
888 1371 993 1457 scitis,
1018 1372 1059 1437 de
1082 1372 1235 1437 tacendis
1264 1373 1419 1440 dicendis

250 1486 397 1573 denique
432 1487 645 1575 disputantes
679 1487 789 1552 fecere
817 1487 973 1552 homines
1002 1488 1078 1553 illos
1101 1489 1418 1555 verecundissimos

249 1605 390 1669 Etenim
424 1611 553 1689 septem
588 1603 787 1689 Sapientum
820 1626 889 1687 res,
925 1627 990 1690 quo
1026 1604 1244 1670 crassioribus
1280 1604 1417 1670 obrutae

250 1726 346 1784 erant
379 1719 543 1805 tenebriS,
580 1742 618 1784 eo
653 1719 763 1805 magis
791 1719 984 1806 philosophi
1015 1719 1233 1805 rhetorasque
1263 1719 1417 1785 certatim

249 1832 402 1899 fabulosa
425 1833 466 1900 de
491 1835 539 1900 eis
563 1834 693 1920 fingere
717 1841 907 1920 coeperunt.
966 1833 1081 1919 Atque
1110 1835 1160 1919 id,
1192 1835 1281 1920 quod
1310 1835 1417 1900 Theo-

248 1945 438 2036 phrasrus2)
468 1973 523 2016 eos
551 1951 728 2035 ingeniose
756 1949 968 2036 disputantes
992 1949 1132 2034 fecerat,
1161 1951 1274 2015 minus
1298 1958 1418 2037 argute

248 2065 334 2130 illud
357 2065 495 2152 quidem
519 2066 578 2130 sed
601 2066 746 2131 eundern
769 2065 806 2131 in
829 2066 967 2132 modum
991 2065 1064 2150 alii,
1088 2064 1178 2130 hunc
1201 2065 1417 2152 potissimum

249 2182 370 2267 secuti,
405 2189 638 2247 narraverunt.
684 2177 935 2262 Plutarchum3)
964 2180 1102 2267 quidem
1130 2182 1189 2247 illo
1212 2203 1311 2246 usum
1334 2203 1417 2266 esse,

249 2297 299 2382 id,
324 2297 414 2383 quod
438 2292 516 2382 περὶ
544 2297 668 2382 τροφῆς
696 2297 897 2384 disputavit,
922 2297 1114 2382 significare
1137 2297 1284 2362 videtur.
1330 2297 1418 2362 Item

248 2414 290 2478 ab
313 2413 450 2498 Ephoro
478 2414 630 2483 historiis
659 2414 729 2478 suis
758 2419 964 2479 conventum
992 2413 1159 2477 insertum
1187 2435 1259 2476 esse
1288 2419 1418 2498 septem

249 2527 449 2615 Sapientum
478 2529 633 2594 Laertius
662 2529 835 2615 Diogenes
871 2528 1014 2592 tradidit
1044 2529 1084 2612 (1,
1111 2529 1173 2592 40:
1205 2516 1347 2610 Ἔφορος
1381 2522 1417 2588 δὲ

251 2636 344 2729 παρὰ
368 2638 501 2728 Κροίσῳ
525 2636 614 2729 πλὴν
641 2641 760 2720 Θαλοῦ,
791 2645 921 2709 scilicet
951 2633 1084 2722 ὁμιλίαν
1108 2632 1215 2703 αὐτῶν
1238 2637 1415 2727 γέγραφεν).

249 2760 389 2826 Etenim
411 2761 441 2825 is
464 2761 631 2844 hocloco,
657 2782 874 2846 quaecunque
897 2759 939 2824 de
962 2761 1098 2825 illorum
1121 2759 1216 2824 scitis
1241 2758 1418 2843 divulgata

250 2884 354 2961 erant,
380 2875 606 2962 compluribus
629 2875 710 2941 locis
735 2878 984 2960 contaminatis,
1009 2876 1165 2960 attigisse
1189 2880 1247 2939 aut
1270 2874 1416 2960 explica-

248 2991 340 3058 visse
363 2991 508 3057 videtur.

355 3108 407 3172 De
423 3107 560 3194 Ephoro
576 3106 763 3172 Diodorum
786 3106 876 3172 hunc
891 3107 1002 3173 locum
1026 3105 1285 3192 deprompsisse,
1309 3105 1415 3171 Klue-

248 3218 379 3302 berus4)
402 3244 472 3287 non
494 3223 577 3288 satis
592 3221 759 3310 probavit.
790 3223 1085 3308 Deprehendimus
1102 3229 1215 3287 autem
1231 3221 1415 3308 compluria

356 3450 382 3522 1)
403 3451 432 3508 O.
452 3449 544 3506 Lehrs
564 3451 598 3506 de
617 3450 778 3506 Aristarchi
796 3450 900 3506 studiis
918 3451 1080 3506 Homericis
1099 3451 1142 3505 ed.
1161 3451 1211 3505 alt.
1230 3469 1256 3522 p.
1277 3451 1329 3504 212
1348 3468 1413 3504 ann.

247 3541 406 3598 rectissime
424 3540 577 3596 annotavit
596 3541 630 3595 de
650 3541 791 3596 conviviis
808 3540 962 3612 epulisque,
982 3541 1086 3612 quibus
1098 3540 1143 3594 usi
1155 3546 1225 3595 sunt
1236 3539 1415 3594 diversarum

247 3631 410 3686 scholarum
428 3636 593 3698 sectatores
613 3629 731 3684 fluxisse
750 3629 880 3684 fabulam
898 3629 933 3683 de
952 3635 1062 3700 septem
1081 3628 1248 3700 Sapientum
1272 3647 1330 3682 non
1350 3647 1415 3684 con-

246 3719 381 3776 ventibus
399 3725 523 3788 tantum,
542 3719 591 3774 sed
610 3719 697 3773 etiam
716 3717 865 3774 conviviis

354 3825 382 3898 2)
401 3826 569 3882 Athenaeus
588 3826 641 3894 XI,
660 3845 687 3897 p.
706 3827 772 3896 463;
791 3823 924 3878 Laertius
942 3824 1087 3896 Diogenes
1105 3823 1139 3892 V,
1158 3825 1201 3879 48.

352 3932 380 4004 3)
399 3933 476 3988 Plut.
496 3934 531 3988 de
550 3931 689 3987 Convivio
708 3937 779 4002 sept.
799 3931 862 4002 Sap.
882 3949 904 3986 c.
925 3931 960 3985 14
977 3948 1018 4002 sq.
1043 3929 1078 3986 cf.
1097 3931 1294 4002 Wyttenbach
1316 3937 1414 3987 annot.

247 4021 319 4077 adl.
338 4023 357 4076 l.

352 4127 382 4200 4)
400 4130 447 4184 Ab
475 4129 592 4200 Ephoro
620 4127 681 4180 solo
708 4126 785 4181 hunc
814 4133 988 4183 conventum
1012 4132 1120 4198 septem
1143 4127 1311 4199 Sapientum
1337 4127 1414 4199 apud

246 4219 384 4275 Croesum
407 4217 539 4272 habitum
561 4221 713 4270 narratum
738 4233 879 4270 essenon
902 4216 963 4272 iure
982 4217 1144 4272 Klueberus
1168 4216 1197 4286 (l.
1216 4217 1234 4271 l.
1253 4237 1281 4288 p.
1301 4215 1328 4286 7)
1353 4216 1413 4287 opi-

245 4311 331 4362 natus
351 4312 402 4360 est.
431 4307 506 4360 Nam
524 4305 586 4362 veri
604 4305 820 4360 absimillimum
838 4311 889 4373 est,
909 4305 1061 4378 epistulam
1080 4307 1117 4360 ad
1135 4311 1244 4378 septem
1263 4305 1413 4376 Sapientes

246 4414 263 4452 a
281 4394 438 4450 Periandro
457 4395 593 4469 scriptam
613 4393 718 4466 (Laert.
739 4393 883 4467 Diogenes
901 4393 924 4468 I,
944 4393 989 4468 99)
1008 4413 1044 4450 cx
1062 4396 1178 4469 Ephoro
1196 4391 1323 4450 fluxisse.
