3302 4914
772 276 813 344 21

683 369 896 378 ..-......-.-——-·

248 526 386 592 Diodor.
410 527 474 610 IX,
500 527 534 589 3:
556 513 632 587 Ὅτι
656 515 735 605 περὶ
888 521 988 605 Diog.
1012 519 1039 603 I,
1057 519 1114 584 28:
1140 507 1374 581 ἀνασπασθέν-

205 642 263 703 τοῦ
289 642 406 726 χρυσοῦ
437 634 598 724 τρίποδος
629 627 734 722 ἀμφι·
842 657 898 710 τος
922 630 959 696 δὲ
982 635 1040 696 τοῦ
1064 627 1224 718 τρίποδος
1248 625 1374 720 ἀμφισ-

206 749 391 843 σβητήσετος
427 745 525 841 οδσης
558 744 577 840 ἡ
616 745 735 814 Hodie
842 743 980 836 βητησις
1004 733 1051 836 ἦν,
1077 743 1137 825 ἕως
1159 743 1190 812 οὶ
1209 743 1375 836 Μιλησίοι

205 866 333 960 ἔχρησεν
369 863 471 946 οὕτως
512 893 580 956 seq.
617 892 735 936 versus
844 860 1002 950 ἔπεμψαν
1048 859 1095 940 εἷς
1130 859 1280 952 Δελφοὺς
1318 861 1375 928 καὶ

198 977 339 1072 'Depone
364 1011 393 1050 a.
418 1009 447 1048 τ.
472 983 499 1048 λ.
838 973 854 1045 δ
879 975 959 1057 θεὸς
983 975 1113 1068 ἔχρησεν
1138 972 1254 1056 οδττος·

462 1091 594 1183 ’Έκγονε
622 1093 777 1186 Μιλήτου
805 1092 965 1183 τρίποδος
994 1093 1072 1183 περὶ
1100 1098 1224 1178 Φοῖβον
1252 1093 1376 1182 ἐρωτᾷς

476 1211 533 1292 Τίς
550 1211 652 1302 σοφίη
670 1208 805 1277 πάντων
821 1216 963 1299 πρῶτος,
984 1206 1101 1276 τούτου
1118 1207 1249 1298 τρίποδ’
1271 1204 1374 1276 αὐδῶ.

469 1330 597 1396 διδοῦσι
615 1316 703 1395 δὀδν
723 1329 815 1418 Θαλῇ
822 1352 828 1366 ·
855 1321 925 1392 tua*
947 1319 1035 1412 dttp
1052 1323 1113 1403 ἕως
1125 1322 1282 1404 Σόλωνος.
1304 1319 1321 1392 δ
1340 1324 1376 1392 δὲ

1193 1467 1222 1508 κ.
1247 1466 1275 1506 τ.
1301 1443 1329 1507 λ.

308 1586 440 1649 Horum
464 1605 623 1647 versuum
647 1588 829 1646 concentus
853 1603 922 1646 non
945 1581 1021 1646 leve
1036 1580 1175 1666 praebet
1191 1603 1372 1666 argumen-

201 1709 285 1766 tum.
330 1701 451 1782 Neque
475 1697 567 1762 enim
589 1698 746 1765 Valerius
769 1698 938 1762 Maximus
962 1717 1073 1781 neque
1097 1696 1170 1780 alii,
1199 1697 1258 1781 qui
1280 1696 1373 1761 idem

201 1815 364 1897 referunt,
389 1799 580 1898 congruunt
604 1837 680 1879 eum
703 1813 768 1898 his,
793 1835 936 1900 quorum
958 1817 1101 1896 uterque
1125 1801 1374 1896 ἀμφισβήτησις

203 1913 241 2015 ἦν
263 1936 406 2014 uterque
430 1921 520 2005 ,,τι’ς“
545 1952 606 2016 pro
623 1919 735 2010 ‚‚t'g“1)
753 1929 899 2014 exhibet,
923 1935 1065 2013 uterque
1081 1927 1216 2014 tripoda
1231 1951 1250 1992 a
1268 1927 1375 1992 Thale

202 2046 245 2111 ad
269 2046 427 2112 Solonem
451 2045 550 2111 modo
574 2047 679 2110 semel
699 2045 841 2109 missum
857 2067 930 2109 esse
946 2044 1099 2109 tradidit.
1132 2044 1183 2109 Ao
1199 2045 1372 2130 Diogenes

202 2169 237 2227 et
263 2162 433 2227 Diodorus
460 2160 525 2226 hoe
553 2161 651 2226 modo
678 2161 823 2247 primam
858 2160 899 2225 de
934 2161 993 2225 ilio
1029 2159 1178 2225 fabulam
1212 2159 1375 2226 videntur

202 2277 405 2344 narravisse.
452 2277 548 2342 Alios
572 2277 754 2362 rettulisse,
779 2299 798 2341 a
820 2275 1043 2362 piscatoribus
1067 2276 1105 2340 in
1128 2277 1263 2340 Milesia
1285 2277 1374 2362 regi-

203 2416 267 2458 one
290 2394 495 2458 verrieulum
511 2392 724 2458 trahentibus
742 2392 904 2478 quosdam
920 2391 1047 2464 iactum
1063 2392 1195 2456 emisse.
1226 2391 1374 2478 Tripode

200 2519 314 2576 autem
326 2510 466 2574 invento
480 2509 745 2574 controversiam
757 2515 865 2573 ortam
878 2530 951 2572 esse
965 2515 999 2572 et
1012 2531 1039 2572 e.
1054 2506 1225 2588 (of.Vaier.
1232 2508 1372 2572 Maxim.

200 2629 261 2712 IV,
280 2629 297 2692 1
314 2623 408 2709 Exi.)
439 2625 494 2690 Ab
518 2625 594 2690 aliis
618 2633 732 2690 autem
755 2647 828 2688 rem
852 2623 950 2688 aliter
972 2623 1134 2689 traditam
1159 2646 1240 2690 esse.
1277 2624 1374 2689 Bello

201 2805 414 2814 ——n-—-—

310 2952 337 3022 1)
355 2953 421 3007 Non
440 2957 517 3007 reete
535 2951 688 3023 Menagius
706 2957 753 3015 τίς,
774 2952 851 3022 quod
859 2950 1005 3006 Diodorus
1024 2956 1053 3005 et
1065 2950 1210 3022 Diogenes
1229 2950 1374 3021 exhibent,

202 3041 233 3095 in
252 3032 281 3098 ὅς
299 3041 407 3094 mutari
425 3041 645 3096 commendavit.
674 3042 857 3112 Quamquam
875 3041 906 3095 in
924 3042 979 3096 hoo
997 3040 1167 3112 pronomine
1186 3040 1244 3094 iam
1262 3045 1374 3096 veteres

202 3129 329 3185 haesisse
348 3135 376 3184 et
395 3131 431 3184 ob
449 3130 479 3184 id
498 3131 553 3184 hoo
571 3130 707 3186 videntur
725 3137 860 3186 mutasse.
898 3130 996 3202 Neque
1016 3135 1113 3184 autem
1133 3131 1259 3185 Graecos
1277 3131 1323 3185 vel
1342 3130 1373 3184 in

202 3219 320 3275 deorum
338 3219 438 3290 lingua
456 3225 496 3276 τίς
514 3219 682 3290 pronomine
700 3238 768 3274 usos
786 3238 848 3275 esse
866 3220 988 3275 relativo
1007 3224 1086 3292 puto.
1123 3219 1258 3273 Editores
1277 3223 1375 3274 autem

201 3309 352 3381 perperam
371 3326 487 3363 versum
506 3308 547 3362 sie
565 3308 747 3379 interpretati
766 3314 848 3363 sunt:
868 3309 962 3378 „Huic
981 3308 1124 3380 tripodem
1144 3307 1253 3378 addieO,
1272 3308 1318 3362 oui
1337 3308 1375 3362 sit

201 3397 344 3470 sapientia
362 3395 482 3472 prima.“
520 3396 576 3451 Sed
594 3397 750 3467 oraculum,
771 3416 836 3452 oum
855 3397 1016 3469 respondet,
1036 3397 1149 3468 quaerit
1168 3417 1204 3452 ex
1222 3397 1276 3452 eis:
1303 3397 1374 3464 Quis

203 3491 246 3539 est
265 3486 407 3559 sapientia
425 3483 575 3558 princeps?
595 3487 659 3540 Hae
672 3487 839 3557 quaestione
858 3487 992 3558 expedita
1006 3488 1075 3542 deus
1093 3487 1145 3558 ilii,
1165 3505 1250 3558 quem
1263 3487 1374 3559 sapien·

203 3573 346 3630 tissimum
370 3580 486 3647 putent,
514 3593 646 3630 mensam
669 3593 786 3630 auream
809 3575 899 3630 tribui
925 3575 1005 3630 iubet
1033 3569 1141 3647 (τούτου
1163 3574 1282 3648 τρίποδα
1303 3575 1374 3628 εἶναι

204 3655 300 3732 mida).
346 3666 427 3720 Haeo
455 3683 568 3736 quoque
596 3665 704 3719 oraculi
731 3665 827 3719 forma
849 3683 908 3719 non
931 3665 973 3719 ita
996 3665 1145 3736 perspicue
1168 3665 1254 3720 deum
1279 3665 1375 3736 ipsum

202 3751 427 3824 intellegendum
446 3772 507 3810 esse
525 3753 680 3825 signifieat.
712 3754 799 3808 Hunc
811 3754 891 3808 nullo
904 3754 989 3808 modo
1004 3755 1216 3826 cognovissent,
1235 3754 1291 3808 nisi
1304 3755 1374 3809 deus

130 3915 133 3920 ³
203 3857 342 3912 quaerens
362 3861 409 3897 eos
428 3842 609 3898 difficultatis
627 3843 832 3898 admonuisset.
869 3843 1037 3898 Dindorfius
1056 3843 1125 3898 oiim
1144 3844 1300 3914 (Diogenes
1316 3845 1373 3900 vol.

202 3930 233 3984 II
251 3949 278 4002 p.
298 3931 350 3984 622
368 3933 486 4002 append.
516 3933 605 3988 critic.
634 3933 671 3986 ad
689 3934 713 4004 I,
732 3933 767 3986 28
794 3931 852 3988 vid.
871 3932 988 3987 Diodor.
1012 3934 1156 4004 Excerpta
1175 3933 1267 3988 Vatia.
1291 3953 1318 4005 p.
1341 3935 1373 3988 15

165 4014 166 4018 ¹
202 4019 237 4075 ed
255 4020 332 4074 Rom
354 4038 381 4090 p.
403 4021 434 4074 17
452 4021 524 4075 Lud.
543 4021 689 4091 Dindorf.)
713 4021 743 4076 in
768 4021 888 4077 eandem
911 4022 1084 4077 sententiam
1108 4023 1223 4077 videtur
1246 4023 1373 4078 cessisse.

201 4109 276 4164 Nam
296 4113 370 4164 teste
388 4108 544 4164 Huebnero
563 4110 594 4164 in
613 4111 738 4166 editione
756 4111 851 4182 priore
869 4113 1031 4183 legebatur:

384 4239 431 4292 Τίς
449 4239 537 4303 σοφίᾳ
557 4234 663 4306 πρῶτος
682 4229 805 4300 mimium
824 4230 909 4304 τούτῳ
929 4236 965 4306 (2)
984 4234 1094 4306 τρίποδ’
1115 4230 1200 4288 midai.

203 4356 257 4412 Sed
275 4358 404 4414 Dindorf
419 4359 449 4414 in
468 4358 601 4429 editione,
627 4380 713 4432 quam
736 4361 802 4431 adii,
822 4363 915 4417 altera
932 4361 1008 4416 hanc
1026 4361 1295 4433 interpretationem
1314 4380 1373 4418 non

202 4448 316 4519 recepit.
