<?xml version="1.0" encoding="UTF-8"?>
<!DOCTYPE html PUBLIC "-//W3C//DTD XHTML 1.0 Transitional//EN"
    "http://www.w3.org/TR/xhtml1/DTD/xhtml1-transitional.dtd">
<html xmlns="http://www.w3.org/1999/xhtml" xml:lang="en" lang="en">
 <head>
  <title>
</title>
<meta http-equiv="Content-Type" content="text/html;charset=utf-8" />
  <meta name='ocr-system' content='tesseract 3.04.00' />
  <meta name='ocr-capabilities' content='ocr_page ocr_carea ocr_par ocr_line ocrx_word'/>
</head>
<body>
  <div class='ocr_page' id='page_1' title='image "adsolonisaetate00stetgoog_0061.png"; bbox 0 0 3302 4914; ppageno 0'>
   <div class='ocr_carea' id='block_1_1' title="bbox 722 232 934 329">
    <p class='ocr_par' dir='ltr' id='par_1_1' title="bbox 722 232 934 329">
     <span class='ocr_line' id='line_1_1' title="bbox 722 232 934 329; baseline 0 0"><span class='ocrx_word' id='word_1_1' title='bbox 722 232 934 329; x_wconf 28' lang='lat' dir='ltr'>*fn*</span> 
     </span>
    </p>
   </div>
   <div class='ocr_carea' id='block_1_2' title="bbox 236 444 1413 1462">
    <p class='ocr_par' dir='ltr' id='par_1_2' title="bbox 236 444 1413 1462">
     <span class='ocr_line' id='line_1_2' title="bbox 242 444 1412 532; baseline 0.005 -21"><span class='ocrx_word' id='word_1_2' title='bbox 242 452 372 532; x_wconf 87' lang='lat' dir='ltr'>gerent.</span> <span class='ocrx_word' id='word_1_3' title='bbox 418 447 491 511; x_wconf 91' lang='lat' dir='ltr'>Iam</span> <span class='ocrx_word' id='word_1_4' title='bbox 514 470 594 512; x_wconf 85' lang='lat' dir='ltr'>vero</span> <span class='ocrx_word' id='word_1_5' title='bbox 617 447 783 513; x_wconf 88' lang='lat' dir='ltr'>Isocrates</span> <span class='ocrx_word' id='word_1_6' title='bbox 807 444 867 532; x_wconf 83' lang='lat' dir='ltr'>(or.</span> <span class='ocrx_word' id='word_1_7' title='bbox 885 447 958 512; x_wconf 87' lang='grc' dir='ltr'>ΧΠ</span> <span class='ocrx_word' id='word_1_8' title='bbox 981 449 1000 526; x_wconf 66' lang='grc' dir='ltr'>ἓ</span> <span class='ocrx_word' id='word_1_9' title='bbox 1023 447 1099 532; x_wconf 83' lang='grc'><strong>148)</strong></span> <span class='ocrx_word' id='word_1_10' title='bbox 1124 449 1283 515; x_wconf 80' lang='lat' dir='ltr'>Solonem</span> <span class='ocrx_word' id='word_1_11' title='bbox 1306 451 1412 516; x_wconf 89' lang='lat' dir='ltr'>Pisis-</span> 
     </span>
     <span class='ocr_line' id='line_1_3' title="bbox 242 554 1411 652; baseline 0.002 -25"><span class='ocrx_word' id='word_1_12' title='bbox 242 563 325 628; x_wconf 90' lang='lat' dir='ltr'>trati</span> <span class='ocrx_word' id='word_1_13' title='bbox 348 564 521 648; x_wconf 85' lang='lat' dir='ltr'>aequalem</span> <span class='ocrx_word' id='word_1_14' title='bbox 544 563 650 628; x_wconf 86' lang='lat' dir='ltr'>fuisse</span> <span class='ocrx_word' id='word_1_15' title='bbox 672 563 805 628; x_wconf 90' lang='lat' dir='ltr'>statuit:</span> <span class='ocrx_word' id='word_1_16' title='bbox 830 557 923 647; x_wconf 83' lang='grc' dir='ltr'><em>μέχρι</em></span> <span class='ocrx_word' id='word_1_17' title='bbox 944 561 1003 648; x_wconf 76' lang='grc' dir='ltr'>τῆς</span> <span class='ocrx_word' id='word_1_18' title='bbox 1018 554 1166 638; x_wconf 78' lang='grc' dir='ltr'><em>Σόλωνος</em></span> <span class='ocrx_word' id='word_1_19' title='bbox 1188 561 1248 644; x_wconf 83' lang='grc' dir='ltr'>μὲν</span> <span class='ocrx_word' id='word_1_20' title='bbox 1272 555 1411 652; x_wconf 74' lang='grc' dir='ltr'><em>ἡλικίας,</em></span> 
     </span>
     <span class='ocr_line' id='line_1_4' title="bbox 242 669 1413 763; baseline 0.009 -24"><span class='ocrx_word' id='word_1_21' title='bbox 242 669 484 763; x_wconf 71' lang='grc' dir='ltr'><em>Πεισιστράτου</em></span> <span class='ocrx_word' id='word_1_22' title='bbox 512 673 548 738; x_wconf 81' lang='grc' dir='ltr'>δὲ</span> <span class='ocrx_word' id='word_1_23' title='bbox 578 672 776 753; x_wconf 72' lang='grc' dir='ltr'><em>δυναστείας.</em></span> <span class='ocrx_word' id='word_1_24' title='bbox 822 680 957 744; x_wconf 80' lang='lat' dir='ltr'><strong>Primus</strong></span> <span class='ocrx_word' id='word_1_25' title='bbox 986 688 1099 745; x_wconf 92' lang='lat' dir='ltr'>autem</span> <span class='ocrx_word' id='word_1_26' title='bbox 1129 688 1162 746; x_wconf 89' lang='lat' dir='ltr'>et</span> <span class='ocrx_word' id='word_1_27' title='bbox 1190 681 1350 749; x_wconf 80' lang='lat' dir='ltr'>Solonem</span> <span class='ocrx_word' id='word_1_28' title='bbox 1379 691 1413 750; x_wconf 89' lang='lat' dir='ltr'>et</span> 
     </span>
     <span class='ocr_line' id='line_1_5' title="bbox 243 793 1413 882; baseline -0.001 -22"><span class='ocrx_word' id='word_1_29' title='bbox 243 802 373 882; x_wconf 88' lang='lat' dir='ltr'>septem</span> <span class='ocrx_word' id='word_1_30' title='bbox 401 796 477 860; x_wconf 80' lang='lat' dir='ltr'>illos</span> <span class='ocrx_word' id='word_1_31' title='bbox 504 793 645 881; x_wconf 86' lang='lat' dir='ltr'>Alyatte</span> <span class='ocrx_word' id='word_1_32' title='bbox 672 818 751 880; x_wconf 81' lang='lat' dir='ltr'>rege</span> <span class='ocrx_word' id='word_1_33' title='bbox 779 795 932 860; x_wconf 88' lang='lat' dir='ltr'>floruisse</span> <span class='ocrx_word' id='word_1_34' title='bbox 960 797 1155 862; x_wconf 88' lang='lat' dir='ltr'>Demetrius</span> <span class='ocrx_word' id='word_1_35' title='bbox 1183 799 1355 865; x_wconf 86' lang='lat' dir='ltr'>Plalereus</span> <span class='ocrx_word' id='word_1_36' title='bbox 1380 795 1413 860; x_wconf 76' lang='grc' dir='ltr'>ἐν</span> 
     </span>
     <span class='ocr_line' id='line_1_6' title="bbox 243 901 1411 998; baseline 0.009 -26"><span class='ocrx_word' id='word_1_37' title='bbox 243 901 448 996; x_wconf 76' lang='grc' dir='ltr'><em>ἀναγραφαῖς</em></span> <span class='ocrx_word' id='word_1_38' title='bbox 472 901 634 995; x_wconf 77' lang='grc' dir='ltr'>ἀρχόντων</span> <span class='ocrx_word' id='word_1_39' title='bbox 656 911 793 977; x_wconf 85' lang='lat' dir='ltr'>videtur</span> <span class='ocrx_word' id='word_1_40' title='bbox 816 912 998 998; x_wconf 87' lang='lat' dir='ltr'>aperuisse.</span> <span class='ocrx_word' id='word_1_41' title='bbox 1045 914 1152 979; x_wconf 80' lang='lat' dir='ltr'>Extat</span> <span class='ocrx_word' id='word_1_42' title='bbox 1180 921 1292 981; x_wconf 90' lang='lat' dir='ltr'>autem</span> <span class='ocrx_word' id='word_1_43' title='bbox 1319 919 1411 982; x_wconf 85' lang='lat' dir='ltr'>locus</span> 
     </span>
     <span class='ocr_line' id='line_1_7' title="bbox 236 1023 1411 1117; baseline 0.006 -25"><span class='ocrx_word' id='word_1_44' title='bbox 236 1027 333 1116; x_wconf 77' lang='lat' dir='ltr'>¹apud</span> <span class='ocrx_word' id='word_1_45' title='bbox 366 1028 542 1092; x_wconf 75' lang='lat' dir='ltr'>Laertium</span> <span class='ocrx_word' id='word_1_46' title='bbox 575 1028 766 1113; x_wconf 78' lang='lat' dir='ltr'>Diogenem</span> <span class='ocrx_word' id='word_1_47' title='bbox 801 1025 842 1113; x_wconf 83' lang='lat' dir='ltr'>(I,</span> <span class='ocrx_word' id='word_1_48' title='bbox 879 1027 949 1107; x_wconf 82' lang='grc'>22);</span> <span class='ocrx_word' id='word_1_49' title='bbox 988 1023 1056 1089; x_wconf 84' lang='grc' dir='ltr'>Καὶ</span> <span class='ocrx_word' id='word_1_50' title='bbox 1090 1029 1226 1114; x_wconf 76' lang='grc' dir='ltr'><em>πρῶτος</em></span> <span class='ocrx_word' id='word_1_51' title='bbox 1260 1028 1411 1117; x_wconf 82' lang='lat' dir='ltr'>(Thales)</span> 
     </span>
     <span class='ocr_line' id='line_1_8' title="bbox 243 1131 1412 1229; baseline 0.004 -25"><span class='ocrx_word' id='word_1_52' title='bbox 243 1135 346 1228; x_wconf 80' lang='grc' dir='ltr'><em>σοφός</em></span> <span class='ocrx_word' id='word_1_53' title='bbox 379 1131 559 1229; x_wconf 65' lang='grc' dir='ltr'><em>ὠνομάσθη</em></span> <span class='ocrx_word' id='word_1_54' title='bbox 588 1132 742 1228; x_wconf 84' lang='grc' dir='ltr'><em>ἀρχσννος</em></span> <span class='ocrx_word' id='word_1_55' title='bbox 767 1132 930 1228; x_wconf 76' lang='grc' dir='ltr'><em>Ἀθήνησι</em></span> <span class='ocrx_word' id='word_1_56' title='bbox 953 1137 1142 1223; x_wconf 80' lang='grc' dir='ltr'><em>Δαμασίου,</em></span> <span class='ocrx_word' id='word_1_57' title='bbox 1182 1144 1262 1207; x_wconf 68' lang='grc' dir='ltr'>καθ’</span> <span class='ocrx_word' id='word_1_58' title='bbox 1292 1133 1327 1210; x_wconf 78' lang='grc' dir='ltr'>ὃν</span> <span class='ocrx_word' id='word_1_59' title='bbox 1355 1143 1412 1210; x_wconf 83' lang='grc' dir='ltr'>καὶ</span> 
     </span>
     <span class='ocr_line' id='line_1_9' title="bbox 244 1248 1411 1349; baseline 0.003 -28"><span class='ocrx_word' id='word_1_60' title='bbox 244 1252 275 1321; x_wconf 80' lang='lat' dir='ltr'>oi</span> <span class='ocrx_word' id='word_1_61' title='bbox 299 1251 386 1320; x_wconf 74' lang='grc' dir='ltr'>ἑπτὰ</span> <span class='ocrx_word' id='word_1_62' title='bbox 409 1254 509 1344; x_wconf 75' lang='grc' dir='ltr'><em>σοφοὶ</em></span> <span class='ocrx_word' id='word_1_63' title='bbox 533 1251 730 1345; x_wconf 74' lang='grc' dir='ltr'><em>ἐκλήθησαν,</em></span> <span class='ocrx_word' id='word_1_64' title='bbox 757 1248 800 1333; x_wconf 74' lang='grc' dir='ltr'>ὥς</span> <span class='ocrx_word' id='word_1_65' title='bbox 824 1277 907 1344; x_wconf 78' lang='grc' dir='ltr'><em>φησι</em></span> <span class='ocrx_word' id='word_1_66' title='bbox 931 1251 1120 1346; x_wconf 76' lang='grc' dir='ltr'><em>Δημήτριος</em></span> <span class='ocrx_word' id='word_1_67' title='bbox 1144 1251 1161 1323; x_wconf 82' lang='grc' dir='ltr'><em>ὃ</em></span> <span class='ocrx_word' id='word_1_68' title='bbox 1188 1257 1356 1349; x_wconf 72' lang='grc' dir='ltr'><em>Φαληρεὺς</em></span> <span class='ocrx_word' id='word_1_69' title='bbox 1379 1260 1411 1325; x_wconf 81' lang='grc' dir='ltr'>ἕν</span> 
     </span>
     <span class='ocr_line' id='line_1_10' title="bbox 242 1365 760 1462; baseline 0 -26"><span class='ocrx_word' id='word_1_70' title='bbox 242 1375 283 1462; x_wconf 73' lang='grc' dir='ltr'>τῇ</span> <span class='ocrx_word' id='word_1_71' title='bbox 306 1375 370 1436; x_wconf 75' lang='grc' dir='ltr'>τῶν</span> <span class='ocrx_word' id='word_1_72' title='bbox 393 1365 555 1460; x_wconf 80' lang='grc' dir='ltr'><em>ἀρχόντων</em></span> <span class='ocrx_word' id='word_1_73' title='bbox 579 1365 760 1462; x_wconf 74' lang='grc' dir='ltr'><em>ἀναγραφῇ.</em></span> 
     </span>
    </p>
   </div>
   <div class='ocr_carea' id='block_1_3' title="bbox 349 1492 1409 1580">
    <p class='ocr_par' dir='ltr' id='par_1_3' title="bbox 349 1492 1409 1580">
     <span class='ocr_line' id='line_1_11' title="bbox 349 1492 1409 1580; baseline 0.001 -22"><span class='ocrx_word' id='word_1_74' title='bbox 349 1495 450 1558; x_wconf 90' lang='lat' dir='ltr'>Hunc</span> <span class='ocrx_word' id='word_1_75' title='bbox 474 1515 624 1580; x_wconf 71' lang='lat' dir='ltr'>annum„</span> <span class='ocrx_word' id='word_1_76' title='bbox 647 1515 712 1578; x_wconf 89' lang='lat' dir='ltr'>quo</span> <span class='ocrx_word' id='word_1_77' title='bbox 734 1492 912 1558; x_wconf 89' lang='lat' dir='ltr'>Damasias</span> <span class='ocrx_word' id='word_1_78' title='bbox 935 1493 1061 1558; x_wconf 90' lang='lat' dir='ltr'>archon</span> <span class='ocrx_word' id='word_1_79' title='bbox 1084 1493 1194 1559; x_wconf 86' lang='lat' dir='ltr'>factus</span> <span class='ocrx_word' id='word_1_80' title='bbox 1222 1499 1307 1579; x_wconf 86' lang='lat' dir='ltr'>eret,</span> <span class='ocrx_word' id='word_1_81' title='bbox 1343 1495 1409 1560; x_wconf 83' lang='lat'>585</span> 
     </span>
    </p>
   </div>
   <div class='ocr_carea' id='block_1_4' title="bbox 243 1604 1491 1676">
    <p class='ocr_par' dir='ltr' id='par_1_4' title="bbox 243 1604 1491 1676">
     <span class='ocr_line' id='line_1_12' title="bbox 243 1604 1491 1676; baseline 0 -2"><span class='ocrx_word' id='word_1_82' title='bbox 243 1633 271 1676; x_wconf 89' lang='lat' dir='ltr'>a.</span> <span class='ocrx_word' id='word_1_83' title='bbox 296 1611 374 1676; x_wconf 82' lang='lat' dir='ltr'>Chr.</span> <span class='ocrx_word' id='word_1_84' title='bbox 399 1633 433 1675; x_wconf 91' lang='lat' dir='ltr'>n.</span> <span class='ocrx_word' id='word_1_85' title='bbox 457 1609 562 1675; x_wconf 82' lang='lat' dir='ltr'>fuisse</span> <span class='ocrx_word' id='word_1_86' title='bbox 584 1609 872 1676; x_wconf 87' lang='lat' dir='ltr'>verisimillimum</span> <span class='ocrx_word' id='word_1_87' title='bbox 896 1614 957 1674; x_wconf 91' lang='lat' dir='ltr'>est.</span> <span class='ocrx_word' id='word_1_88' title='bbox 1003 1610 1071 1675; x_wconf 91' lang='lat' dir='ltr'>Hic</span> <span class='ocrx_word' id='word_1_89' title='bbox 1100 1617 1213 1676; x_wconf 86' lang='lat' dir='ltr'>autem</span> <span class='ocrx_word' id='word_1_90' title='bbox 1241 1616 1407 1675; x_wconf 90' lang='lat' dir='ltr'>extremus</span> <span class='ocrx_word' id='word_1_91' title='bbox 1487 1604 1491 1612; x_wconf 67' lang='grc'><strong>’</strong></span> 
     </span>
    </p>
   </div>
   <div class='ocr_carea' id='block_1_5' title="bbox 242 1721 1413 2394">
    <p class='ocr_par' dir='ltr' id='par_1_5' title="bbox 242 1721 1412 2276">
     <span class='ocr_line' id='line_1_13' title="bbox 244 1721 1410 1806; baseline -0.001 -15"><span class='ocrx_word' id='word_1_92' title='bbox 244 1727 376 1792; x_wconf 82' lang='lat' dir='ltr'>Solonis</span> <span class='ocrx_word' id='word_1_93' title='bbox 400 1725 587 1791; x_wconf 71' lang='lat' dir='ltr'>dictaturae</span> <span class='ocrx_word' id='word_1_94' title='bbox 610 1721 719 1806; x_wconf 76' lang='lat' dir='ltr'>fuit1)</span> <span class='ocrx_word' id='word_1_95' title='bbox 764 1724 816 1789; x_wconf 83' lang='lat' dir='ltr'>Ac</span> <span class='ocrx_word' id='word_1_96' title='bbox 839 1747 922 1790; x_wconf 92' lang='lat' dir='ltr'>num</span> <span class='ocrx_word' id='word_1_97' title='bbox 945 1726 1139 1790; x_wconf 89' lang='lat' dir='ltr'>Demetrius</span> <span class='ocrx_word' id='word_1_98' title='bbox 1162 1727 1251 1791; x_wconf 86' lang='lat' dir='ltr'>hanc</span> <span class='ocrx_word' id='word_1_99' title='bbox 1275 1726 1410 1792; x_wconf 87' lang='lat' dir='ltr'>obrem</span> 
     </span>
     <span class='ocr_line' id='line_1_14' title="bbox 242 1842 1410 1929; baseline 0.001 -22"><span class='ocrx_word' id='word_1_100' title='bbox 242 1842 306 1907; x_wconf 92' lang='lat' dir='ltr'>hoc</span> <span class='ocrx_word' id='word_1_101' title='bbox 330 1865 418 1908; x_wconf 89' lang='lat' dir='ltr'>anno</span> <span class='ocrx_word' id='word_1_102' title='bbox 435 1849 566 1928; x_wconf 87' lang='lat' dir='ltr'>septem</span> <span class='ocrx_word' id='word_1_103' title='bbox 582 1842 658 1906; x_wconf 87' lang='lat' dir='ltr'>illos</span> <span class='ocrx_word' id='word_1_104' title='bbox 680 1863 877 1927; x_wconf 86' lang='lat' dir='ltr'>congressos</span> <span class='ocrx_word' id='word_1_105' title='bbox 894 1863 967 1906; x_wconf 91' lang='lat' dir='ltr'>esse</span> <span class='ocrx_word' id='word_1_106' title='bbox 984 1842 1151 1926; x_wconf 90' lang='lat' dir='ltr'>statuerit,</span> <span class='ocrx_word' id='word_1_107' title='bbox 1168 1842 1207 1906; x_wconf 92' lang='lat' dir='ltr'>in</span> <span class='ocrx_word' id='word_1_108' title='bbox 1223 1842 1337 1908; x_wconf 90' lang='lat' dir='ltr'>dubiis</span> <span class='ocrx_word' id='word_1_109' title='bbox 1353 1865 1410 1929; x_wconf 92' lang='lat' dir='ltr'>po·</span> 
     </span>
     <span class='ocr_line' id='line_1_15' title="bbox 242 1939 1412 2044; baseline 0.002 -22"><span class='ocrx_word' id='word_1_110' title='bbox 242 1958 394 2022; x_wconf 89' lang='lat' dir='ltr'>nendum</span> <span class='ocrx_word' id='word_1_111' title='bbox 418 1939 478 2024; x_wconf 85' lang='lat' dir='ltr'>est.</span> <span class='ocrx_word' id='word_1_112' title='bbox 511 1959 649 2044; x_wconf 84' lang='lat' dir='ltr'>Septem</span> <span class='ocrx_word' id='word_1_113' title='bbox 672 1958 808 2023; x_wconf 84' lang='lat' dir='ltr'>illorum</span> <span class='ocrx_word' id='word_1_114' title='bbox 831 1963 942 2023; x_wconf 89' lang='lat' dir='ltr'>aetate</span> <span class='ocrx_word' id='word_1_115' title='bbox 966 1956 1010 2022; x_wconf 90' lang='lat' dir='ltr'>ad</span> <span class='ocrx_word' id='word_1_116' title='bbox 1034 1963 1224 2044; x_wconf 88' lang='lat' dir='ltr'>temporum</span> <span class='ocrx_word' id='word_1_117' title='bbox 1244 1959 1412 2024; x_wconf 89' lang='lat' dir='ltr'>rationem</span> 
     </span>
     <span class='ocr_line' id='line_1_16' title="bbox 242 2073 1411 2160; baseline 0 -21"><span class='ocrx_word' id='word_1_118' title='bbox 242 2080 415 2158; x_wconf 88' lang='lat' dir='ltr'>revocato,</span> <span class='ocrx_word' id='word_1_119' title='bbox 453 2080 511 2140; x_wconf 93' lang='lat' dir='ltr'>aut</span> <span class='ocrx_word' id='word_1_120' title='bbox 538 2074 580 2139; x_wconf 94' lang='lat' dir='ltr'>de</span> <span class='ocrx_word' id='word_1_121' title='bbox 605 2074 738 2140; x_wconf 84' lang='lat' dir='ltr'>Solonis</span> <span class='ocrx_word' id='word_1_122' title='bbox 768 2097 845 2140; x_wconf 91' lang='lat' dir='ltr'>cum</span> <span class='ocrx_word' id='word_1_123' title='bbox 869 2075 992 2140; x_wconf 81' lang='lat' dir='ltr'>Croeso</span> <span class='ocrx_word' id='word_1_124' title='bbox 1016 2073 1182 2159; x_wconf 84' lang='lat' dir='ltr'>colloquio</span> <span class='ocrx_word' id='word_1_125' title='bbox 1205 2073 1411 2160; x_wconf 70' lang='lat' dir='ltr'>dubitarent,</span> 
     </span>
     <span class='ocr_line' id='line_1_17' title="bbox 243 2189 1004 2276; baseline 0.001 -21"><span class='ocrx_word' id='word_1_126' title='bbox 243 2197 302 2255; x_wconf 92' lang='lat' dir='ltr'>aut</span> <span class='ocrx_word' id='word_1_127' title='bbox 324 2191 465 2256; x_wconf 88' lang='lat' dir='ltr'>tertium</span> <span class='ocrx_word' id='word_1_128' title='bbox 487 2191 553 2256; x_wconf 90' lang='lat' dir='ltr'>iter</span> <span class='ocrx_word' id='word_1_129' title='bbox 576 2191 745 2276; x_wconf 87' lang='lat' dir='ltr'>fingerent</span> <span class='ocrx_word' id='word_1_130' title='bbox 767 2213 905 2256; x_wconf 89' lang='lat' dir='ltr'>necesse</span> <span class='ocrx_word' id='word_1_131' title='bbox 929 2189 1004 2257; x_wconf 86' lang='lat' dir='ltr'>fuit.</span> 
     </span>
    </p>

    <p class='ocr_par' dir='ltr' id='par_1_6' title="bbox 350 2306 1413 2394">
     <span class='ocr_line' id='line_1_18' title="bbox 350 2306 1413 2394; baseline 0.001 -22"><span class='ocrx_word' id='word_1_132' title='bbox 350 2306 464 2392; x_wconf 87' lang='lat' dir='ltr'>Atque</span> <span class='ocrx_word' id='word_1_133' title='bbox 499 2308 618 2392; x_wconf 81' lang='lat' dir='ltr'>magni</span> <span class='ocrx_word' id='word_1_134' title='bbox 651 2307 816 2372; x_wconf 87' lang='lat' dir='ltr'>momenti</span> <span class='ocrx_word' id='word_1_135' title='bbox 851 2314 903 2372; x_wconf 89' lang='lat' dir='ltr'>est</span> <span class='ocrx_word' id='word_1_136' title='bbox 936 2307 1086 2373; x_wconf 90' lang='lat' dir='ltr'>narratio</span> <span class='ocrx_word' id='word_1_137' title='bbox 1121 2306 1162 2372; x_wconf 93' lang='lat' dir='ltr'>de</span> <span class='ocrx_word' id='word_1_138' title='bbox 1191 2307 1323 2373; x_wconf 89' lang='lat' dir='ltr'>ossibus</span> <span class='ocrx_word' id='word_1_139' title='bbox 1352 2331 1413 2394; x_wconf 90' lang='lat' dir='ltr'>per</span> 
     </span>
    </p>
   </div>
   <div class='ocr_carea' id='block_1_6' title="bbox 245 2419 1411 2524">
    <p class='ocr_par' dir='ltr' id='par_1_7' title="bbox 245 2419 1411 2524">
     <span class='ocr_line' id='line_1_19' title="bbox 245 2419 1411 2524; baseline 0 -36"><span class='ocrx_word' id='word_1_140' title='bbox 245 2423 416 2489; x_wconf 82' lang='lat' dir='ltr'>Salamina</span> <span class='ocrx_word' id='word_1_141' title='bbox 440 2425 565 2511; x_wconf 84' lang='lat' dir='ltr'>sparsis</span> <span class='ocrx_word' id='word_1_142' title='bbox 589 2421 635 2506; x_wconf 84' lang='lat' dir='ltr'>(v.</span> <span class='ocrx_word' id='word_1_143' title='bbox 661 2445 762 2508; x_wconf 87' lang='lat' dir='ltr'>supra</span> <span class='ocrx_word' id='word_1_144' title='bbox 784 2446 815 2509; x_wconf 90' lang='lat' dir='ltr'>p.</span> <span class='ocrx_word' id='word_1_145' title='bbox 840 2419 907 2506; x_wconf 83' lang='lat'>41).</span> <span class='ocrx_word' id='word_1_146' title='bbox 957 2422 1050 2500; x_wconf 76' lang='lat' dir='ltr'>Quae</span> <span class='ocrx_word' id='word_1_147' title='bbox 1074 2423 1104 2488; x_wconf 88' lang='lat' dir='ltr'>si</span> <span class='ocrx_word' id='word_1_148' title='bbox 1127 2446 1208 2488; x_wconf 87' lang='lat' dir='ltr'>vera</span> <span class='ocrx_word' id='word_1_149' title='bbox 1232 2430 1293 2524; x_wconf 84' lang='lat' dir='ltr'>est,</span> <span class='ocrx_word' id='word_1_150' title='bbox 1318 2446 1411 2510; x_wconf 91' lang='lat' dir='ltr'>aper·</span> 
     </span>
    </p>
   </div>
   <div class='ocr_carea' id='block_1_7' title="bbox 244 2537 1415 3440">
    <p class='ocr_par' dir='ltr' id='par_1_8' title="bbox 244 2537 1412 2858">
     <span class='ocr_line' id='line_1_20' title="bbox 244 2537 1411 2624; baseline -0.001 -19"><span class='ocrx_word' id='word_1_151' title='bbox 244 2540 375 2606; x_wconf 87' lang='lat' dir='ltr'>tissime</span> <span class='ocrx_word' id='word_1_152' title='bbox 399 2539 543 2624; x_wconf 91' lang='lat' dir='ltr'>indicat,</span> <span class='ocrx_word' id='word_1_153' title='bbox 573 2540 731 2606; x_wconf 84' lang='lat' dir='ltr'>Solonem</span> <span class='ocrx_word' id='word_1_154' title='bbox 753 2537 901 2604; x_wconf 83' lang='lat' dir='ltr'>Athenis</span> <span class='ocrx_word' id='word_1_155' title='bbox 924 2545 1095 2605; x_wconf 91' lang='lat' dir='ltr'>mortuum</span> <span class='ocrx_word' id='word_1_156' title='bbox 1119 2562 1202 2605; x_wconf 91' lang='lat' dir='ltr'>esse.</span> <span class='ocrx_word' id='word_1_157' title='bbox 1249 2541 1347 2605; x_wconf 88' lang='lat' dir='ltr'>Hanc</span> <span class='ocrx_word' id='word_1_158' title='bbox 1374 2539 1411 2604; x_wconf 91' lang='lat' dir='ltr'>in</span> 
     </span>
     <span class='ocr_line' id='line_1_21' title="bbox 245 2655 1412 2742; baseline -0.003 -20"><span class='ocrx_word' id='word_1_159' title='bbox 245 2657 451 2722; x_wconf 89' lang='lat' dir='ltr'>sententiam</span> <span class='ocrx_word' id='word_1_160' title='bbox 484 2656 702 2740; x_wconf 58' lang='lat' dir='ltr'>Aristoteles</span> <span class='ocrx_word' id='word_1_161' title='bbox 743 2656 802 2742; x_wconf 90' lang='lat' dir='ltr'>qui</span> <span class='ocrx_word' id='word_1_162' title='bbox 836 2656 936 2722; x_wconf 89' lang='lat' dir='ltr'>huius</span> <span class='ocrx_word' id='word_1_163' title='bbox 970 2656 1022 2721; x_wconf 90' lang='lat' dir='ltr'>rei</span> <span class='ocrx_word' id='word_1_164' title='bbox 1059 2655 1281 2742; x_wconf 81' lang='lat' dir='ltr'>gravissimus</span> <span class='ocrx_word' id='word_1_165' title='bbox 1320 2659 1412 2720; x_wconf 84' lang='lat' dir='ltr'>extat</span> 
     </span>
     <span class='ocr_line' id='line_1_22' title="bbox 245 2772 704 2858; baseline 0 -20"><span class='ocrx_word' id='word_1_166' title='bbox 245 2779 370 2858; x_wconf 79' lang='lat' dir='ltr'>auctor,</span> <span class='ocrx_word' id='word_1_167' title='bbox 394 2772 531 2838; x_wconf 87' lang='lat' dir='ltr'>videtur</span> <span class='ocrx_word' id='word_1_168' title='bbox 554 2772 704 2838; x_wconf 80' lang='lat' dir='ltr'>cessisse.</span> 
     </span>
    </p>

    <p class='ocr_par' dir='ltr' id='par_1_9' title="bbox 244 2888 1415 3440">
     <span class='ocr_line' id='line_1_23' title="bbox 350 2888 1414 2974; baseline 0 -20"><span class='ocrx_word' id='word_1_169' title='bbox 350 2889 440 2954; x_wconf 84' lang='lat' dir='ltr'>Eece</span> <span class='ocrx_word' id='word_1_170' title='bbox 474 2889 637 2974; x_wconf 86' lang='lat' dir='ltr'>rationes,</span> <span class='ocrx_word' id='word_1_171' title='bbox 677 2888 798 2974; x_wconf 91' lang='lat' dir='ltr'>quibus</span> <span class='ocrx_word' id='word_1_172' title='bbox 834 2910 1060 2972; x_wconf 85' lang='lat' dir='ltr'>commoveor,</span> <span class='ocrx_word' id='word_1_173' title='bbox 1101 2894 1140 2953; x_wconf 94' lang='lat' dir='ltr'>ut</span> <span class='ocrx_word' id='word_1_174' title='bbox 1174 2888 1315 2954; x_wconf 88' lang='lat' dir='ltr'>tertium</span> <span class='ocrx_word' id='word_1_175' title='bbox 1348 2888 1414 2954; x_wconf 87' lang='lat' dir='ltr'>iter</span> 
     </span>
     <span class='ocr_line' id='line_1_24' title="bbox 245 3000 1414 3090; baseline 0.001 -20"><span class='ocrx_word' id='word_1_176' title='bbox 245 3011 392 3070; x_wconf 88' lang='lat' dir='ltr'>statuam</span> <span class='ocrx_word' id='word_1_177' title='bbox 420 3005 538 3071; x_wconf 89' lang='lat' dir='ltr'>fictum</span> <span class='ocrx_word' id='word_1_178' title='bbox 566 3027 649 3069; x_wconf 85' lang='lat' dir='ltr'>esse.</span> <span class='ocrx_word' id='word_1_179' title='bbox 695 3003 747 3070; x_wconf 84' lang='lat' dir='ltr'>Ac</span> <span class='ocrx_word' id='word_1_180' title='bbox 770 3003 888 3088; x_wconf 90' lang='lat' dir='ltr'>miror,</span> <span class='ocrx_word' id='word_1_181' title='bbox 917 3003 1008 3089; x_wconf 89' lang='lat' dir='ltr'>quod</span> <span class='ocrx_word' id='word_1_182' title='bbox 1030 3005 1076 3068; x_wconf 89' lang='lat' dir='ltr'>M.</span> <span class='ocrx_word' id='word_1_183' title='bbox 1100 3000 1339 3090; x_wconf 77' lang='lat' dir='ltr'>Buedinger,²)</span> <span class='ocrx_word' id='word_1_184' title='bbox 1375 3012 1414 3071; x_wconf 89' lang='lat' dir='ltr'>ut</span> 
     </span>
     <span class='ocr_line' id='line_1_25' title="bbox 244 3119 1414 3208; baseline 0 -22"><span class='ocrx_word' id='word_1_185' title='bbox 244 3120 393 3186; x_wconf 78' lang='lat' dir='ltr'>fabulam</span> <span class='ocrx_word' id='word_1_186' title='bbox 431 3121 618 3208; x_wconf 87' lang='lat' dir='ltr'>speciosam</span> <span class='ocrx_word' id='word_1_187' title='bbox 656 3126 819 3204; x_wconf 81' lang='lat' dir='ltr'>servaret,</span> <span class='ocrx_word' id='word_1_188' title='bbox 860 3125 895 3184; x_wconf 90' lang='lat' dir='ltr'>et</span> <span class='ocrx_word' id='word_1_189' title='bbox 930 3141 1006 3184; x_wconf 90' lang='lat' dir='ltr'>eum</span> <span class='ocrx_word' id='word_1_190' title='bbox 1040 3120 1222 3186; x_wconf 85' lang='lat' dir='ltr'>Heraclide</span> <span class='ocrx_word' id='word_1_191' title='bbox 1261 3119 1345 3186; x_wconf 89' lang='lat' dir='ltr'>fecit</span> <span class='ocrx_word' id='word_1_192' title='bbox 1380 3127 1414 3186; x_wconf 87' lang='lat' dir='ltr'>et</span> 
     </span>
     <span class='ocr_line' id='line_1_26' title="bbox 244 3235 1412 3322; baseline 0.001 -21"><span class='ocrx_word' id='word_1_193' title='bbox 244 3237 396 3302; x_wconf 91' lang='lat' dir='ltr'>Phaniae</span> <span class='ocrx_word' id='word_1_194' title='bbox 413 3260 558 3303; x_wconf 88' lang='lat' dir='ltr'>errorem</span> <span class='ocrx_word' id='word_1_195' title='bbox 575 3236 760 3321; x_wconf 83' lang='lat' dir='ltr'>substituit,</span> <span class='ocrx_word' id='word_1_196' title='bbox 783 3259 884 3322; x_wconf 90' lang='lat' dir='ltr'>quem</span> <span class='ocrx_word' id='word_1_197' title='bbox 907 3259 1025 3302; x_wconf 89' lang='lat' dir='ltr'>vereor</span> <span class='ocrx_word' id='word_1_198' title='bbox 1040 3259 1084 3300; x_wconf 93' lang='lat' dir='ltr'>ne</span> <span class='ocrx_word' id='word_1_199' title='bbox 1099 3236 1187 3301; x_wconf 80' lang='lat' dir='ltr'>nulli</span> <span class='ocrx_word' id='word_1_200' title='bbox 1201 3235 1412 3322; x_wconf 89' lang='lat' dir='ltr'>persuadeat.</span> 
     </span>
     <span class='ocr_line' id='line_1_27' title="bbox 244 3351 1415 3440; baseline 0 -22"><span class='ocrx_word' id='word_1_201' title='bbox 244 3354 333 3420; x_wconf 87' lang='lat' dir='ltr'>Nam</span> <span class='ocrx_word' id='word_1_202' title='bbox 356 3375 433 3420; x_wconf 87' lang='lat' dir='ltr'>cum</span> <span class='ocrx_word' id='word_1_203' title='bbox 455 3353 604 3419; x_wconf 88' lang='lat' dir='ltr'>Phanias</span> <span class='ocrx_word' id='word_1_204' title='bbox 628 3351 806 3418; x_wconf 85' lang='lat' dir='ltr'>archontes</span> <span class='ocrx_word' id='word_1_205' title='bbox 830 3353 921 3439; x_wconf 90' lang='lat' dir='ltr'>ipsos</span> <span class='ocrx_word' id='word_1_206' title='bbox 946 3352 1095 3438; x_wconf 84' lang='lat' dir='ltr'>afferret,</span> <span class='ocrx_word' id='word_1_207' title='bbox 1123 3375 1193 3419; x_wconf 92' lang='lat' dir='ltr'>non</span> <span class='ocrx_word' id='word_1_208' title='bbox 1220 3359 1346 3440; x_wconf 87' lang='lat' dir='ltr'>potest,</span> <span class='ocrx_word' id='word_1_209' title='bbox 1375 3359 1415 3419; x_wconf 87' lang='lat' dir='ltr'>ut</span> 
     </span>
    </p>
   </div>
   <div class='ocr_carea' id='block_1_8' title="bbox 244 3587 457 3597">
    <p class='ocr_par' dir='ltr' id='par_1_10' title="bbox 244 3587 457 3597">
     <span class='ocr_line' id='line_1_28' title="bbox 244 3587 457 3597; baseline 0 -1"><span class='ocrx_word' id='word_1_210' title='bbox 244 3587 457 3597; x_wconf 78' lang='lat'><em>--—-—--</em></span> 
     </span>
    </p>
   </div>
   <div class='ocr_carea' id='block_1_9' title="bbox 244 3736 1415 4158">
    <p class='ocr_par' dir='ltr' id='par_1_11' title="bbox 244 3736 1415 4158">
     <span class='ocr_line' id='line_1_29' title="bbox 352 3736 1414 3816; baseline -0.001 -16"><span class='ocrx_word' id='word_1_211' title='bbox 352 3745 378 3814; x_wconf 89' lang='lat'>1)</span> <span class='ocrx_word' id='word_1_212' title='bbox 397 3747 430 3799; x_wconf 88' lang='lat' dir='ltr'>E.</span> <span class='ocrx_word' id='word_1_213' title='bbox 449 3745 560 3814; x_wconf 88' lang='lat' dir='ltr'>Rohde‚</span> <span class='ocrx_word' id='word_1_214' title='bbox 589 3744 644 3800; x_wconf 84' lang='lat' dir='ltr'>Rh.</span> <span class='ocrx_word' id='word_1_215' title='bbox 664 3745 797 3799; x_wconf 89' lang='lat' dir='ltr'>Museum</span> <span class='ocrx_word' id='word_1_216' title='bbox 816 3765 843 3801; x_wconf 81' lang='lat' dir='ltr'>v,</span> <span class='ocrx_word' id='word_1_217' title='bbox 862 3745 905 3814; x_wconf 85' lang='lat'>33,</span> <span class='ocrx_word' id='word_1_218' title='bbox 933 3763 960 3816; x_wconf 93' lang='lat' dir='ltr'>p.</span> <span class='ocrx_word' id='word_1_219' title='bbox 980 3745 1032 3798; x_wconf 88' lang='grc'>202</span> <span class='ocrx_word' id='word_1_220' title='bbox 1051 3743 1168 3813; x_wconf 87' lang='lat' dir='ltr'>detexit,</span> <span class='ocrx_word' id='word_1_221' title='bbox 1195 3736 1286 3815; x_wconf 83' lang='grc' dir='ltr'><em>ἀκμήν</em></span> <span class='ocrx_word' id='word_1_222' title='bbox 1303 3749 1414 3816; x_wconf 83' lang='lat' dir='ltr'>septem</span> 
     </span>
     <span class='ocr_line' id='line_1_30' title="bbox 244 3832 1415 3907; baseline -0.002 -18"><span class='ocrx_word' id='word_1_223' title='bbox 244 3835 413 3907; x_wconf 83' lang='lat' dir='ltr'>Sapientum</span> <span class='ocrx_word' id='word_1_224' title='bbox 440 3841 474 3889; x_wconf 88' lang='lat' dir='ltr'>ut</span> <span class='ocrx_word' id='word_1_225' title='bbox 501 3834 578 3906; x_wconf 90' lang='lat' dir='ltr'>apud</span> <span class='ocrx_word' id='word_1_226' title='bbox 601 3834 788 3901; x_wconf 84' lang='lat' dir='ltr'>Demetrium,</span> <span class='ocrx_word' id='word_1_227' title='bbox 807 3833 849 3887; x_wconf 90' lang='lat' dir='ltr'>ita</span> <span class='ocrx_word' id='word_1_228' title='bbox 867 3833 944 3904; x_wconf 87' lang='lat' dir='ltr'>apud</span> <span class='ocrx_word' id='word_1_229' title='bbox 969 3832 1134 3902; x_wconf 86' lang='lat' dir='ltr'>Eusebium,</span> <span class='ocrx_word' id='word_1_230' title='bbox 1163 3832 1341 3888; x_wconf 88' lang='lat' dir='ltr'>tricesimum</span> <span class='ocrx_word' id='word_1_231' title='bbox 1359 3839 1415 3888; x_wconf 91' lang='lat' dir='ltr'>ter·</span> 
     </span>
     <span class='ocr_line' id='line_1_31' title="bbox 244 3921 1413 3995; baseline -0.002 -17"><span class='ocrx_word' id='word_1_232' title='bbox 244 3925 318 3979; x_wconf 89' lang='lat' dir='ltr'>tium</span> <span class='ocrx_word' id='word_1_233' title='bbox 337 3943 446 3979; x_wconf 89' lang='lat' dir='ltr'>annum</span> <span class='ocrx_word' id='word_1_234' title='bbox 464 3924 547 3995; x_wconf 80' lang='lat' dir='ltr'>regni</span> <span class='ocrx_word' id='word_1_235' title='bbox 566 3923 694 3994; x_wconf 88' lang='lat' dir='ltr'>Alyattis</span> <span class='ocrx_word' id='word_1_236' title='bbox 712 3923 861 3994; x_wconf 86' lang='lat' dir='ltr'>respicere.</span> <span class='ocrx_word' id='word_1_237' title='bbox 909 3922 951 3976; x_wconf 91' lang='lat' dir='ltr'>Ob</span> <span class='ocrx_word' id='word_1_238' title='bbox 980 3921 1009 3975; x_wconf 94' lang='lat' dir='ltr'>id</span> <span class='ocrx_word' id='word_1_239' title='bbox 1037 3921 1143 3976; x_wconf 85' lang='lat' dir='ltr'>certius</span> <span class='ocrx_word' id='word_1_240' title='bbox 1171 3922 1327 3978; x_wconf 82' lang='lat' dir='ltr'>diiudicare</span> <span class='ocrx_word' id='word_1_241' title='bbox 1355 3940 1413 3977; x_wconf 90' lang='lat' dir='ltr'>non</span> 
     </span>
     <span class='ocr_line' id='line_1_32' title="bbox 244 4011 1413 4068; baseline -0.002 0"><span class='ocrx_word' id='word_1_242' title='bbox 244 4014 336 4068; x_wconf 91' lang='lat' dir='ltr'>audeo</span> <span class='ocrx_word' id='word_1_243' title='bbox 364 4032 435 4068; x_wconf 89' lang='lat' dir='ltr'>num</span> <span class='ocrx_word' id='word_1_244' title='bbox 462 4031 541 4068; x_wconf 89' lang='lat' dir='ltr'>mero</span> <span class='ocrx_word' id='word_1_245' title='bbox 570 4031 638 4068; x_wconf 90' lang='lat' dir='ltr'>casu</span> <span class='ocrx_word' id='word_1_246' title='bbox 660 4012 737 4067; x_wconf 91' lang='lat' dir='ltr'>idem</span> <span class='ocrx_word' id='word_1_247' title='bbox 760 4029 853 4066; x_wconf 89' lang='lat' dir='ltr'>annus</span> <span class='ocrx_word' id='word_1_248' title='bbox 876 4012 929 4066; x_wconf 81' lang='lat'>585</span> <span class='ocrx_word' id='word_1_249' title='bbox 954 4016 1100 4065; x_wconf 88' lang='lat' dir='ltr'>extremus</span> <span class='ocrx_word' id='word_1_250' title='bbox 1123 4011 1235 4066; x_wconf 83' lang='lat' dir='ltr'>Solonis</span> <span class='ocrx_word' id='word_1_251' title='bbox 1254 4012 1413 4068; x_wconf 85' lang='lat' dir='ltr'>dictaturae</span> 
     </span>
     <span class='ocr_line' id='line_1_33' title="bbox 244 4102 565 4158; baseline -0.003 -1"><span class='ocrx_word' id='word_1_252' title='bbox 244 4109 295 4157; x_wconf 89' lang='lat' dir='ltr'>aut</span> <span class='ocrx_word' id='word_1_253' title='bbox 313 4103 450 4158; x_wconf 85' lang='lat' dir='ltr'>itinerum</span> <span class='ocrx_word' id='word_1_254' title='bbox 468 4102 565 4158; x_wconf 87' lang='lat' dir='ltr'>fuerit.</span> 
     </span>
    </p>
   </div>
   <div class='ocr_carea' id='block_1_10' title="bbox 351 4225 1414 4299">
    <p class='ocr_par' dir='ltr' id='par_1_12' title="bbox 351 4225 1414 4299">
     <span class='ocr_line' id='line_1_34' title="bbox 351 4225 1414 4299; baseline -0.004 -15"><span class='ocrx_word' id='word_1_255' title='bbox 351 4231 379 4299; x_wconf 77' lang='lat'>2)</span> <span class='ocrx_word' id='word_1_256' title='bbox 397 4227 571 4283; x_wconf 88' lang='lat' dir='ltr'>Monatsber.</span> <span class='ocrx_word' id='word_1_257' title='bbox 592 4227 642 4282; x_wconf 91' lang='lat' dir='ltr'>der</span> <span class='ocrx_word' id='word_1_258' title='bbox 661 4227 780 4282; x_wconf 87' lang='lat' dir='ltr'>Wiener</span> <span class='ocrx_word' id='word_1_259' title='bbox 797 4225 964 4297; x_wconf 82' lang='lat' dir='ltr'>Akademie,</span> <span class='ocrx_word' id='word_1_260' title='bbox 983 4226 1085 4298; x_wconf 88' lang='lat' dir='ltr'>philos.</span> <span class='ocrx_word' id='word_1_261' title='bbox 1100 4227 1200 4282; x_wconf 87' lang='lat' dir='ltr'>histor.</span> <span class='ocrx_word' id='word_1_262' title='bbox 1219 4228 1324 4282; x_wconf 89' lang='lat' dir='ltr'>Klasse</span> <span class='ocrx_word' id='word_1_263' title='bbox 1336 4245 1362 4282; x_wconf 86' lang='lat' dir='ltr'>v.</span> <span class='ocrx_word' id='word_1_264' title='bbox 1378 4227 1414 4280; x_wconf 84' lang='grc'>92</span> 
     </span>
    </p>
   </div>
   <div class='ocr_carea' id='block_1_11' title="bbox 244 4315 1414 4478">
    <p class='ocr_par' dir='ltr' id='par_1_13' title="bbox 244 4315 1414 4478">
     <span class='ocr_line' id='line_1_35' title="bbox 244 4315 1414 4388; baseline -0.002 -16"><span class='ocrx_word' id='word_1_265' title='bbox 244 4318 330 4373; x_wconf 91' lang='lat' dir='ltr'>Wien</span> <span class='ocrx_word' id='word_1_266' title='bbox 357 4319 433 4387; x_wconf 80' lang='lat'>1879,</span> <span class='ocrx_word' id='word_1_267' title='bbox 460 4337 488 4388; x_wconf 93' lang='lat' dir='ltr'>p.</span> <span class='ocrx_word' id='word_1_268' title='bbox 514 4319 574 4372; x_wconf 90' lang='grc'>221.</span> <span class='ocrx_word' id='word_1_269' title='bbox 613 4315 671 4373; x_wconf 81' lang='lat' dir='ltr'>ofr.</span> <span class='ocrx_word' id='word_1_270' title='bbox 696 4334 768 4386; x_wconf 85' lang='lat' dir='ltr'>quae</span> <span class='ocrx_word' id='word_1_271' title='bbox 786 4315 922 4387; x_wconf 88' lang='lat' dir='ltr'>Philippi,</span> <span class='ocrx_word' id='word_1_272' title='bbox 949 4316 1005 4370; x_wconf 84' lang='lat' dir='ltr'>Rh.</span> <span class='ocrx_word' id='word_1_273' title='bbox 1028 4317 1162 4372; x_wconf 90' lang='lat' dir='ltr'>Museum</span> <span class='ocrx_word' id='word_1_274' title='bbox 1180 4318 1236 4373; x_wconf 88' lang='lat' dir='ltr'>vol.</span> <span class='ocrx_word' id='word_1_275' title='bbox 1255 4318 1290 4371; x_wconf 80' lang='lat'>36</span> <span class='ocrx_word' id='word_1_276' title='bbox 1315 4337 1341 4388; x_wconf 93' lang='lat' dir='ltr'>p.</span> <span class='ocrx_word' id='word_1_277' title='bbox 1360 4317 1414 4371; x_wconf 81' lang='grc'>472</span> 
     </span>
     <span class='ocr_line' id='line_1_36' title="bbox 245 4405 939 4478; baseline -0.003 -16"><span class='ocrx_word' id='word_1_278' title='bbox 245 4413 345 4464; x_wconf 88' lang='lat' dir='ltr'>contra</span> <span class='ocrx_word' id='word_1_279' title='bbox 364 4407 539 4478; x_wconf 84' lang='lat' dir='ltr'>Buedingeri</span> <span class='ocrx_word' id='word_1_280' title='bbox 557 4405 792 4460; x_wconf 88' lang='lat' dir='ltr'>ratiocinationes</span> <span class='ocrx_word' id='word_1_281' title='bbox 810 4405 939 4477; x_wconf 89' lang='lat' dir='ltr'>protulit.</span> 
     </span>
    </p>
   </div>
   <div class='ocr_carea' id='block_1_12' title="bbox 0 0 1658 4914">
    <p class='ocr_par' dir='ltr' id='par_1_14' title="bbox 0 0 1658 4914">
     <span class='ocr_line' id='line_1_37' title="bbox 0 0 1658 4914; baseline 0 0"><span class='ocrx_word' id='word_1_282' title='bbox 0 0 1658 4914; x_wconf 95' lang='lat' dir='ltr'> </span> 
     </span>
    </p>
   </div>
  </div>
 </body>
</html>
