3302 4914
781 301 821 366 12

697 391 909 400 m.—

219 515 297 597 test,
314 512 493 598 Mysonem
516 513 557 579 ab
581 514 639 580 illo
663 523 961 584 commemoratum
978 539 1061 583 esse.
1100 519 1189 584 Nam
1211 519 1268 586 1110
1291 543 1386 606 prae·

132 631 135 640 “
220 627 352 693 dicatur
386 630 520 694 oraculo
555 631 666 696 allato.
713 631 770 696 Ad
803 632 894 698 111110
928 655 1008 698 vero
1032 634 1270 701 celebrandum
1294 637 1387 702 Ana-

216 743 380 810 charsidis
404 745 605 830 DiordoruS,
639 754 678 812 ut
701 749 872 833 Diogenes
907 750 944 814 in
978 751 1051 815 vita
1086 750 1241 836 Thaetis,
1276 749 1317 836 (Ι,
1341 754 1386 817 30

219 858 261 924 cf.
289 861 317 945 I,
348 857 435 946 107),
471 863 679 928 mentionem
714 861 804 930 10011.
862 865 904 930 11
939 865 1001 930 hoc
1036 866 1183 952 denique
1217 867 1386 934 laudando

217 976 330 1041 omnia
364 976 446 1042 haee
481 976 672 1063 fragmenta
705 987 894 1046 versantur.
941 982 996 1046 Ex
1030 981 1084 1046 1110
1108 982 1215 1067 igitur
1237 984 1330 1069 locis,
1354 985 1385 1050 si

216 1092 299 1176 quid
333 1099 481 1180 apparet,
517 1095 736 1182 perspicitur,
772 1097 809 1160 in
844 1095 1046 1182 fragmentis
1080 1098 1168 1162 nihil
1204 1105 1317 1164 extare
1335 1099 1383 1164 'de

215 1207 458 1274 Anacharsidis
475 1211 650 1296 sapientia.
684 1212 784 1277 Hanc
800 1218 913 1278 autem
928 1213 1106 1297 Diodorus
1127 1213 1157 1277 si
1181 1214 1223 1278 de
1246 1215 1384 1302 Ephoro

216 1330 347 1409 septem
368 1325 567 1412 Sapientum
590 1326 720 1392 fabulas
744 1328 993 1416 depromsisset‚
1018 1351 1088 1394 non
1110 1330 1223 1415 potuit
1246 1331 1384 1398 silentio

216 1441 409 1526 praeterire.
456 1442 480 1508 J
482 1465 535 1507 am
570 1465 650 1509 vero
686 1444 768 1509 haec
803 1443 995 1530 fragmenta
1025 1446 1067 1529 (5,
1093 1446 1113 1509 2
1138 1451 1172 1510 01
1198 1445 1229 1525 7)
1253 1453 1292 1512 ut
1316 1447 1384 1511 dis-

217 1562 358 1641 crepant
380 1557 421 1623 ab
444 1559 592 1644 Ephoro,
616 1560 664 1624 ita
688 1554 800 1641 serie)
824 1560 1014 1627 fabularum
1036 1561 1123 1626 bene
1147 1583 1223 1626 cum
1245 1562 1382 1628 Laertio

217 1668 403 1758 Diogene2)
428 1672 595 1760 (Mysonis
619 1676 741 1760 vital,
767 1672 845 1758 106)
869 1684 1069 1763 congruunt.

324 1788 376 1854 Ac
410 1789 540 1856 fabulas
564 1790 605 1855 de
629 1792 772 1876 Mysone
800 1798 952 1858 narratas
980 1793 1179 1858 subsecutae
1204 1799 1284 1880 sunt
1306 1817 1383 1858 nar-

216 1905 364 1971 rationes
389 1905 431 1971 de
460 1906 602 1972 Chilone
631 1907 677 1990 (85
703 1909 737 1990 93
764 1905 829 1991 10).
875 1910 1121 1995 Fragmentum
1149 1915 1263 1974 autem
1291 1911 1321 1994 9,
1345 1915 1384 1975 ut

215 2021 352 2108 Ephoro
375 2022 574 2108 vindicaret,
598 2023 790 2089 Klueberus
814 2023 871 2109 (l.
895 2026 917 2090 l.
941 2048 972 2111 p.
999 2025 1031 2105 7)
1054 2026 1261 2112 permultum
1284 2048 1382 2110 argu·

216 2137 342 2204 tiarum
376 2139 595 2225 consumpsit.
651 2141 693 2205 In
728 2139 792 2205 hoc
827 2141 1031 2226 sententiae,
1072 2163 1157 2226 quae
1193 2141 1382 2227 antiquitus

218 2255 392 2320 columnae
415 2255 601 2342 Delphicae
636 2257 820 2342 inscriptae
856 2279 929 2322 esse
953 2257 1162 2342 dicebantur,
1186 2264 1385 2324 enarrantur

218 2448 430 2460 ὺ-ιι--σ--ι-

125 2607 127 2612 -
218 2573 337 2629 ductum
360 2593 413 2646 pro
438 2569 617 2648 Περιᾶνὸσου
635 2575 782 2646 scripsisse
801 2569 941 2634 Μύσωνος
964 2575 1118 2630 contendit.
1155 2577 1219 2630 Hoc
1242 2575 1267 2630 01
1284 2594 1387 2632 verum

222 2669 310 2732 esset,
339 2683 390 2718 our
408 2665 553 2736 Diogenes
570 2684 629 2721 non
648 2665 820 2738 scripsisset:
840 2658 957 2717 Πλάτων
977 2663 1033 2717 re
1056 2658 1230 2736 Πρωταγόρᾳ
1250 2657 1385 2729 Μύσωνα,

216 2743 336 2822 Ἔφορος
371 2746 558 2826 δ”Λνάχαρσιν
595 2748 654 2806 ἀντὶ
683 2749 861 2826 Περιάνδρου
893 2771 931 2809 00.
969 2755 1095 2825 ἐγκρίνει.
1150 2755 1193 2808 Αο
1224 2753 1387 2825 sapientum

219 2842 314 2912 index,
335 2848 476 2913 quantum
495 2849 622 2915 apparet,
641 2843 761 2899 vixdum
780 2843 891 2898 duobus
909 2843 967 2898 11110
985 2844 1080 2898 locum
1099 2843 1194 2898 habet.
1222 2844 1247 2898 E
1266 2843 1387 2898 Diodori

217 2931 352 3002 opinione
375 2938 485 3004 septem
509 2933 655 3005 sapientes
682 2933 771 2988 fuisse
798 2933 946 2988 videntur:
974 2933 1090 3002 Thales,
1119 2932 1217 3002 Solon,
1245 2931 1386 3003 Pittacus,

217 3021 293 3093 Bisa,
314 3021 425 3092 Chilon,
444 3023 558 3094 Myson,
578 3021 739 3077 Cleobulus.
758 3021 806 3093 (cf.
825 3022 903 3076 infra
920 3041 947 3094 0.
968 3019 1021 3093 18.)

325 3127 351 3200 1)
370 3130 580 3200 Fragmentum
599 3135 713 3184 sextum
733 3130 856 3186 editores
875 3145 1025 3200 perperam
1043 3128 1119 3183 inter
1138 3129 1162 3197 5,
1181 3129 1280 3182 2017
1299 3127 1385 3182 inter·

216 3235 345 3289 posuere.
369 3218 510 3273 Cohaeret
528 3219 604 3274 enim
623 3219 767 3274 artissime
786 3238 852 3274 cum
871 3219 925 3289 5,1
945 3219 1021 3290 quod
1040 3218 1236 3288 fragmentum
1256 3217 1293 3271 ad
1309 3215 1385 3270 Peri-

218 3307 341 3362 andrum
369 3314 497 3379 spectare
524 3308 587 3364 viro
607 3308 684 3362 docti
703 3314 805 3379 argute
827 3325 1005 3380 perspexere.
1045 3307 1110 3362 Hoc
1136 3312 1233 3362 autem
1260 3312 1384 3378 tyranno

217 3403 328 3451 remoto
347 3397 491 3452 Diodorus
510 3397 544 3452 de
563 3397 684 3468 Mysone
703 3397 870 3453 disseruisse
888 3398 1010 3453 videtur.

324 3503 351 3574 2)
371 3505 407 3559 In
426 3504 590 3576 fragmento
609 3504 731 3576 septimo
751 3503 872 3574 „Solon“
892 3522 907 3559 0
925 3505 1047 3576 Mysone
1066 3503 1185 3575 quaerit,
1206 3521 1257 3558 cur
1275 3507 1386 3558 aestate

217 3593 323 3648 stivam
347 3599 443 3649 aratro
467 3599 555 3666 aptet.
591 3595 627 3648 In
650 3595 705 3648 hoc
724 3594 851 3648 Klueber
875 3593 940 3664 (1.1,
960 3612 986 3664 p.
1008 3591 1051 3663 15)
1070 3610 1122 3663 010
1142 3591 1272 3662 „Solon“,
1292 3591 1386 3662 „Ana-

219 3681 354 3752 charsis“,
374 3684 408 3737 de
427 3701 483 3754 quo
502 3683 578 3738 idem
597 3683 730 3737 Laertius
748 3683 893 3754 Diogenes
914 3681 947 3752 (I,
967 3679 986 3755 ξ
1008 3680 1069 3753 101)
1093 3681 1235 3744 narravit,
1261 3681 1386 3736 scriben-

220 3771 289 3826 dum
308 3789 369 3826 0000
392 3773 515 3844 putavit.
557 3772 612 3827 Sed
640 3791 704 3826 cum
732 3772 852 3826 Diodori
878 3772 1070 3840 narrationes,
1099 3770 1230 3841 quamvis
1257 3771 1386 3840 mutilae,

219 3861 298 3916 haud
317 3880 382 3916 raro
401 3863 514 3933 integro
528 3861 652 3932 Diogeni
665 3862 881 3932 anteponendas
894 3861 961 3929 sint,
980 3866 1043 3914 turn
1056 3859 1132 3930 apud
1145 3859 1221 3913 hunc
1234 3854 1387 3922 ,,Σόλωνο“

217 3951 332 4006 facilius
350 3952 445 4023 potuit
458 3951 562 4022 omitti,
582 3969 669 4021 quarn
682 3950 758 4020 apud
773 3950 854 4004 illum
867 3948 1044 4021 interpolari,
1064 3965 1130 4002 cum
1145 3953 1230 4002 antea
1242 3949 1386 4003 Diodorus

218 4041 279 4096 eius
303 4041 480 4096 mentionem
499 4060 558 4096 non
576 4040 699 4095 fecisset.
744 4039 786 4092 Ac
804 4039 875 4092 illud
894 4041 1183 4109 ,‚7rolru9ny,uova”v“‚
1205 4037 1280 4108 quod
1299 4055 1386 4108 appo-

218 4131 307 4185 situm
335 4137 386 4200 est,
414 4130 445 4184 in
473 4136 626 4200 utrumque
654 4128 795 4199 quadrare
822 4133 924 4199 potest.
966 4127 1082 4182 Etenim
1108 4125 1205 4180 100010
1228 4144 1265 4180 an
1290 4125 1387 4196 inepte

219 4221 291 4292 „hoc
317 4221 431 4274 oraculo
456 4217 659 4274 sollicitatum“
688 4219 763 4272 hanc
790 4235 891 4273 vocem
918 4217 1133 4285 transtulerint,
1161 4215 1210 4286 qui
1237 4214 1387 4268 Laenium

219 4310 380 4380 Diogenem
411 4308 500 4362 latine
530 4313 688 4364 verterunt.
742 4308 841 4378 Neque
871 4308 926 4361 hoc
956 4307 1141 4376 vocabulum,
1172 4310 1205 4359 ut
1234 4303 1387 4374 Menagius

219 4400 253 4453 A.
274 4397 366 4453 Gellio
385 4396 449 4465 (XI,
464 4396 508 4466 16)
528 4397 693 4452 affirmante
705 4403 781 4451 recte
793 4397 954 4468 annotavit,
967 4395 1139 4453 difficultate
1152 4398 1237 4449 caret.
1265 4392 1385 4464 Stepha-

220 4479 275 4542 nus
294 4487 409 4558 quidem
428 4486 511 4543 Thes.
530 4487 548 4540 l.
568 4505 610 4557 gr.
630 4487 672 4542 VI
690 4506 716 4558 p.
739 4489 806 4542 1711
825 4487 925 4544 multis
944 4487 1068 4562 negotiis
1091 4485 1187 4557 eisque
1210 4482 1310 4538 alienis
1332 4483 1384 4538 im-
