3302 4914
694 281 906 383 Α,

213 504 380 592 Diogenis
408 502 546 590 quidem
572 497 721 565 narratio
749 499 835 564 miro
863 500 992 566 laborat
1015 521 1137 566 errore.
1183 499 1324 565 Etenim
1348 506 1384 566 et

217 624 337 708 Satyro
365 627 399 686 et
426 617 622 684 Phanodioo
646 616 840 681 auctoribus
867 616 1021 702 virgines
1050 618 1107 683 vel
1134 621 1232 703 pater
1261 637 1384 700 earum,

216 738 315 804 homo
345 736 475 803 scilieet
497 732 701 816 Messenius,
736 731 855 796 Bianti
883 732 1017 818 tripoda
1044 731 1263 798 tribuendum
1291 755 1385 796 oura-

215 861 348 921 verunt.
394 851 566 936 Diogenes
591 853 704 913 autem
728 853 762 912 et
789 847 827 912 in
854 847 1006 914 Thatehs
1029 848 1102 912 vita
1126 847 1328 929 (1§31)=et
1349 848 1387 912 in

215 970 351 1036 Biantis
385 965 521 1054 tripoda
554 958 588 1024 ἐν
619 953 780 1047 Ἀθήναις
813 963 871 1028 vel
906 957 985 1048 περί
1016 955 1076 1048 τὴν
1107 963 1173 1024 τῶν
1197 952 1387 1048 Ἀθηναίων

215 1078 389 1147 θάλατταν
423 1082 602 1147 inventum
637 1101 709 1144 esse
744 1078 897 1144 tradidit.
951 1078 1041 1156 Quid
1075 1085 1189 1144 autem
1223 1079 1388 1145 Messenii

216 1201 283 1266 sibi
317 1199 438 1264 volunt
471 1195 638 1262 Athenis?
686 1194 777 1272 Quid
805 1201 877 1259 erat
905 1217 1040 1278 causae,
1071 1219 1130 1260 our
1158 1195 1387 1261 Athenienses

217 1317 375 1381 Solonem
402 1317 645 1399 postponerent
671 1311 811 1376 Bianti?
857 1311 979 1376 Nonne
1008 1309 1049 1375 de
1077 1311 1136 1376 illo
1160 1311 1210 1376 eis
1234 1311 1387 1398 cogitan-

218 1430 297 1496 dum
327 1436 411 1514 erat,
448 1429 507 1514 qui
533 1427 763 1493 Athenienses
791 1426 926 1513 tripoda
953 1426 1170 1492 invenientes
1193 1427 1387 1493 finxerunt?

216 1546 374 1632 Aooedit,
414 1543 505 1630 quod
539 1543 732 1628 Diogenes,
768 1550 807 1608 ut
841 1543 1025 1627 DiodoruS,
1062 1543 1203 1610 alteram
1237 1543 1388 1609 fabulam

216 1663 357 1728 annexit
380 1658 489 1725 alteri.
520 1658 587 1723 Pro
606 1664 697 1724 certo
713 1658 821 1744 igitur
836 1659 953 1744 habe0,
976 1659 1143 1745 Diogenis
1159 1659 1388 1724 narrationem

216 1801 276 1864 per
291 1775 421 1840 rivulos
437 1773 552 1839 neseio
568 1796 650 1859 quos
667 1796 708 1839 ex
725 1774 843 1840 eodem
859 1774 963 1859 fonte,
986 1797 1052 1860 quo
1067 1774 1220 1860 Diodori,
1238 1775 1387 1864 fluxisse.

217 1893 428 1978 Quamquam
452 1912 564 1975 eausa,
599 1913 657 1955 our
679 1881 851 1976 Diogenes
874 1913 936 1978 pro
959 1891 1184 1979 piseato'ribus
1208 1891 1388 1956 Messeniis

216 2007 446 2074 Athenienses
469 2005 636 2093 posuerit,
667 2029 787 2092 parum
815 2014 964 2094 apparet.
1011 2007 1252 2074 Desideramus
1275 2014 1389 2073 autem

215 2127 252 2188 in
279 2123 422 2189 Diodori
452 2123 620 2208 excerptis
648 2121 797 2187 fabulam
820 2123 862 2188 de
885 2124 1021 2190 Biantis
1045 2147 1121 2190 oum
1144 2123 1286 2210 Alyatte
1310 2146 1388 2190 oon·

217 2238 407 2323 suetudine,
432 2260 533 2324 quam
555 2238 729 2324 Diogenes
753 2237 880 2305 diserte
903 2227 1069 2328 exposuit.
1123 2241 1216 2319 Quae
1251 2239 1389 2326 quidem

217 2353 307 2442 apud
330 2353 421 2420 hunc
445 2353 487 2419 de
509 2354 646 2420 Biantis
670 2355 878 2442 eloquentia,
912 2338 1058 2443 iustitia,
1089 2379 1221 2423 morum
1244 2356 1388 2441 integri-

216 2476 287 2535 tate
316 2477 448 2555 extant,
479 2469 596 2535 eadem
618 2469 789 2537 Diodorus
817 2475 1007 2560 respexisse
1030 2473 1176 2540 videtur.
1225 2471 1389 2538 Conferas

215 2587 319 2652 velim
342 2587 444 2674 Diog.
469 2587 497 2669 Ι,
520 2587 578 2652 84;

255 2728 331 2802 “On
355 2732 440 2812 Βίας
463 2721 501 2823 ἦν
525 2729 749 2812 δεινότατος
901 2735 1047 2824 Λέγεται
1093 2733 1130 2802 δέ
1174 2734 1231 2802 καὶ
1274 2731 1389 2814 δίκας

216 2849 273 2915 καὶ
296 2855 347 2937 τῷ
370 2847 468 2937 λόγῳ
491 2845 669 2938 πρωτεύων
684 2854 750 2914 τῶν
858 2849 1083 2932 δεινότατος
1125 2851 1286 2939 γεγονέναι
1332 2848 1387 2918 εἱ-

217 2961 749 3055 καθ’ἑοοτὸν,κατεχρήοατοδὲτῇ
857 2973 961 3036 πεῖν·
988 2967 1042 3034 ἐπ’
1059 2963 1180 3055 ἀγαθῷ
1196 2967 1231 3034 δὲ
1248 2973 1294 3057 τῇ
1317 2973 1389 3034 τῶν

217 3077 750 3165 τοῡλὲγεινόονάμειπολλοῖς
858 3081 979 3172 λόγων
1003 3081 1107 3168 ἰσχύι
1131 3089 1345 3175 προσεχρῆτο.

217 3188 398 3260 ἀνάπαλιν·
418 3189 454 3261 οὗ
468 3192 527 3281 rfrig
540 3193 587 3275 εἰς
601 3203 748 3287 μισθαρ-

216 3307 289 3376 νίαν
310 3310 384 3376 ουδὲ
405 3308 452 3390 εἰς
473 3309 659 3400 προσόδους
675 3308 747 3379 ἀλλ’

216 3425 263 3506 εἰς
275 3423 410 3518 τὴντῶν
422 3421 644 3511 ἀδικουμένων
655 3453 750 3495 κατε-

217 3541 332 3610 τίθετο
355 3540 528 3634 βοήθειαν.

324 3701 533 3787 Fragmenta
565 3707 678 3766 autem
713 3701 778 3786 (14,
805 3701 833 3764 1.
859 3699 893 3782 2;
921 3695 975 3782 15)
1000 3719 1085 3783 quae
1109 3702 1310 3782 sequuntur,
1346 3695 1390 3762 ad

218 3819 348 3899 septem
372 3817 573 3904 Sapientum
597 3815 728 3883 fabulas
752 3816 923 3903 pertinere
951 3814 1036 3879 scite
1060 3813 1206 3878 editores
1229 3834 1389 3899 perspex-

214 4115 274 4153 non
304 4097 396 4154 video,
452 4098 650 4170 Quamquam,
676 4098 753 4172 quod
770 4097 915 4154 Diodorus
943 4095 1013 4152 dicit
1044 4087 1137 4166 „nupia
1167 4093 1299 4167 tprruffl,
1329 4093 1389 4149 vir·

214 4187 297 4259 gines
324 4206 383 4242 non
409 4187 484 4243 bello
515 4188 692 4244 Messeniaoo
724 4194 822 4260 captas
848 4205 909 4242 esse
934 4187 1130 4240 demonstrare
1154 4184 1278 4240 videtur.
1334 4182 1390 4237 Sed

214 4277 309 4346 potuit
318 4277 424 4348 Myron
442 4277 473 4331 in
492 4283 622 4333 extremo
638 4265 715 4332 ¹libro
733 4283 826 4332 sortes
841 4275 1051 4332 Messeniorum
1064 4275 1153 4329 altero
1166 4273 1240 4328 bello
1254 4271 1388 4327 confecto

154 4355 159 4372 '
214 4381 340 4421 narrare.
355 4367 414 4422 Res
426 4373 582 4437 utcumque
594 4385 625 4422 se
637 4367 733 4435 habet,
746 4365 906 4420 Diodorum
919 4383 979 4419 non
990 4364 1145 4435 Myronem
1155 4363 1250 4436 ipsum
1262 4361 1312 4416 sed
1325 4359 1389 4415 fon·

215 4456 274 4508 tem
293 4455 455 4511 derivatum
474 4443 611 4512 accirisse
629 4460 700 4528 puto
719 4454 771 4511 cfr.
790 4454 867 4509 infra
885 4473 927 4526 pr.
947 4455 990 4509 58.

1211 4559 1229 4616 2
