3302 4914
805 241 849 310 45

724 333 936 343 ——...-

245 472 284 531 ut
308 463 491 549 doctrinae,
515 485 581 548 qua
604 461 755 528 imbutus
779 466 861 545 erat,
884 460 1095 525 luculentum
1115 457 1355 525 documentum
1378 459 1416 526 in

246 581 394 646 medium
417 579 593 667 proferret.

351 698 470 783 Neque
504 694 629 779 magis,
664 715 765 778 quam
792 692 833 758 B.
861 691 979 756 Niesei
1012 687 1254 778 argumenta1),
1289 693 1416 758 arridet

246 809 404 899 Engeli2)
426 810 650 878 ratiocinatio.
682 809 749 874 Hic
772 814 811 873 ut
825 793 974 873 'testium
998 807 1259 894 discrepantiam
1281 831 1414 896 compo·

244 936 355 1014 neret,
379 929 416 994 in
439 929 545 992 altero
568 927 691 991 1116616
716 925 874 991 Solonem
899 947 975 990 cum
999 925 1209 1011 Cypranore,
1238 925 1276 990 16
1299 925 1414 1011 611616,

245 1045 335 1131 quod
350 1045 531 1110 Pisistrato
548 1049 693 1128 tyranno
710 1041 869 1128 suscepit,
894 1064 971 1106 cum
986 1041 1193 1127 Philocypro
1215 1042 1414 1108 convenisse

246 1160 431 1227 contendit.
478 1161 595 1244 Neque
631 1159 724 1224 enim
757 1158 811 1224 vir
839 1158 957 1223 doctus
984 1158 1049 1223 1166
1071 1156 1171 1222 modo
1194 1157 1238 1224 ad
1259 1165 1414 1224 veterum

244 1276 442 1342 testimonia
469 1299 504 1340 se
531 1274 814 1358 accommodavit,
848 1297 925 1338 cum
949 1272 990 1337 de
1014 1273 1072 1339 illo
1097 1272 1207 1338 eidem
1231 1274 1415 1340 afferantur

246 1415 379 1477 versus,
409 1415 447 1457 66
471 1392 613 1474 (161166,
644 1397 678 1455 et
701 1389 846 1454 tertium
864 1389 932 1454 iter
954 1390 1091 1473 accivit,
1128 1389 1219 1474 quod
1241 1413 1415 1474 nunquam

245 1507 370 1574 factum
394 1531 468 1574 esse
492 1531 512 1572 a
537 1507 660 1572 Solone
683 1504 769 1570 mihi
792 1527 989 1591 persuasum
1013 1513 1074 1571 est.

351 1623 428 1708 Age
462 1644 554 1686 6666
589 1627 693 1686 166166
728 1621 820 1707 ipsos
854 1622 1086 1708 inspiciamus
1142 1623 1246 1688 Solon
1280 1621 1414 1708 legibus

245 1739 393 1805 conditis
425 1729 571 1820 θεωρίαν
602 1736 841 1822 praetendens,
877 1744 916 1802 ut
949 1739 998 1803 ait
1031 1737 1239 1822 Herodotus,
1273 1761 1414 1824 peregre

245 1855 331 1920 abiit
355 1861 389 1918 et
410 1877 471 1940 per
494 1853 611 1918 decem
634 1874 740 1918 annos
763 1854 999 1940 peregrinatus
1024 1861 1089 1938 est,
1122 1877 1166 1919 66
1189 1855 1296 1939 leges,
1332 1877 1413 1940 quas

245 1971 438 2058 scripserat,
471 1969 656 2034 dissolvere
684 1976 871 2066 cogeretur.
917 1971 1036 2055 Neque
1065 1970 1157 2034 enim
1184 1969 1414 2035 Athenienses

245 2088 311 2173 ipsi
334 2087 398 2152 hoc
422 2086 532 2150 166616
555 2094 752 2172 potuerunt,
790 2109 867 2151 cum
899 2085 1120 2152 iurisiurandi
1154 2086 1320 2171 religione
1355 2087 1413 2151 ad-

245 2204 357 2267 stricti
392 2209 518 2287 essent,
553 2225 589 2266 se
617 2202 751 2268 Solonis
779 2203 872 2288 leges
900 2225 961 2288 per
987 2203 1051 2268 1166
1079 2225 1244 2268 66661616
1268 2203 1415 2288 spatium

247 2324 438 2383 servaturos
463 2341 544 2384 esse.
577 2318 645 2384 Sed
667 2319 851 2384 Plutarcho
876 2319 909 2400 (l.
926 2319 948 2384 l.
967 2342 994 2384 6.
1012 2319 1066 2399 25)
1090 2325 1178 2384 teste
1195 2319 1299 2385 Solon
1322 2320 1414 2405 leges

246 2433 283 2498 in
311 2443 447 2500 66611116
475 2457 581 2500 66666
609 2441 699 2500 16166
728 2457 801 2500 6666
824 2435 934 2500 iussit.
980 2436 1055 2500 Hoc
1078 2435 1259 2501 intervallo
1284 2435 1314 2500 si
1338 2435 1414 2521 quis

244 2550 375 2636 aliquid
398 2556 515 2616 contra
538 2552 631 2636 leges
655 2549 791 2636 faceret,
815 2549 857 2616 ab
881 2574 920 2618 eo
944 2557 1090 2616 statuam
1111 2574 1247 2616 auream
1262 2551 1414 2638 Delphos

246 2666 434 2732 consecrari
457 2666 510 2730 ius
534 2666 630 2732 foret.
677 2667 788 2752 Leges
812 2672 935 2752 autem,
959 2691 1036 2733 6616
1060 2668 1120 2732 6111
1142 2667 1330 2752 laudarent,
1355 2669 1415 2733 6111

243 2783 489 2870 vituperarent,
514 2781 617 2847 Solon
633 2775 828 2867 ναυκληρίας
844 2783 997 2868 obtentu,
1021 2790 1061 2848 ut
1077 2783 1204 2849 civium
1219 2785 1414 2850 voluntates

244 2897 393 2984 fugeret,
422 2898 460 2963 in
483 2897 601 2962 decem
624 2921 731 2963 66666
754 2922 897 2986 peregre
920 2899 1015 2965 abiit.
1061 2899 1265 2966 Plutarchus
1301 2907 1414 2966 autem

244 3015 300 3079 vel
324 3017 395 3079 eius
419 3021 546 3099 666161,
571 3037 647 3080 6661
667 3014 731 3080 hoo
747 3016 813 3080 1161
828 3016 1012 3081 decennale
1029 3021 1222 3102 exponeret,
1246 3015 1414 3082 Herodoti

244 3131 391 3215 vestigia
413 3131 546 3218 pressit.
593 3132 682 3196 Nam
706 3154 805 3196 causa
827 3155 947 3218 parum
971 3137 1120 3218 apparet,
1146 3154 1205 3196 our
1222 3131 1325 3196 Solon
1349 3132 1415 3197 iter

243 3246 361 3312 decem
384 3269 550 3312 annorum
573 3248 684 3312 166616
707 3248 854 3312 voluerit
878 3253 912 3311 et
936 3246 1065 3332 1666111,
1091 3270 1168 3313 6661
1183 3247 1413 3312 Athenienses

242 3385 278 3428 se
301 3363 339 3427 in
363 3370 500 3428 centum
516 3386 624 3428 66666
639 3364 732 3447 leges
749 3368 942 3428 servaturos
959 3385 1031 3427 esse
1048 3363 1264 3429 iuravissent.
1299 3362 1414 3449 Atque

244 3479 334 3562 quod
360 3479 469 3544 redux
496 3478 605 3543 factus
638 3473 673 3538 ἐν
702 3473 738 3539 da*
765 3477 865 3559 κοινῷ
893 3471 998 3559 λέγειν
1024 3473 1080 3538 καὶ
1104 3471 1266 3563 πράσσειν
1290 3469 1414 3559 ὁμοίως

245 3582 302 3654 οὐκ
325 3578 410 3680 ἐ’1’ἦν
434 3586 569 3668 δυνατὸς
593 3582 667 3654 οὐδὲ·
690 3585 869 3678 πρόθυμος
897 3583 965 3655 tat
995 3585 1100 3679 γήρως
1123 3595 1309 3661 secundum
1332 3596 1412 3661 Plu-

244 3708 397 3776 tarchum
425 3709 467 3795 (c.
491 3711 547 3791 29)
574 3709 654 3794 1611,
691 3709 733 3776 ab
767 3709 831 3776 1166
866 3733 1032 3777 66661661
1063 3733 1204 3777 6661616
1232 3710 1411 3798 discrepat.

242 3913 454 3926 m...

351 4039 378 4105 1)
396 4038 431 4092 R.
450 4039 590 4095 Schubert
615 4040 632 4095 l.
652 4041 670 4096 l.
688 4059 716 4114 p.
735 4040 753 4096 8
771 4047 848 4098 recte
867 4040 948 4112 dixit,
977 4040 1111 4097 Solonem
1140 4057 1205 4095 oum
1232 4047 1412 4098 mercaturae

240 4127 391 4184 faciendae
410 4145 496 4182 66666
515 4129 570 4183 1161
587 4131 711 4200 16616661,
739 4132 840 4186 eodem
862 4132 925 4186 loco
948 4149 1007 4185 non
1029 4130 1157 4202 potuisse
1180 4149 1232 4202 per
1251 4131 1412 4202 complures

241 4236 333 4273 annos
361 4217 476 4272 morari.
511 4218 548 4275 H.
568 4220 658 4274 Flach
676 4221 695 4275 l.
714 4221 732 4277 l.
752 4240 779 4292 p.
798 4222 850 4275 371
869 4223 967 4274 6665
984 4220 1138 4292 perspexit,
1157 4219 1316 4292 hospitium
1334 4220 1412 4291 regis

241 4325 299 4362 non
318 4308 461 4380 quadrare
479 4307 509 4362 in
528 4308 675 4364 hominem
694 4310 804 4381 negotii
824 4315 980 4380 gerentem.

347 4417 376 4484 2)
396 4415 511 4488 Cyparn
529 4415 552 4487 1,
574 4436 602 4488 p.
621 4417 682 4472 255.
