3302 4914
797 249 841 319 46

236 463 324 531 Nam
357 465 387 530 si
416 466 520 532 Solon
557 473 674 552 reapse
709 491 751 533 ex
783 469 907 564 itinere
935 477 1045 537 aetate
1067 473 1204 559 longius
1228 484 1407 562 provectus

236 581 395 666 redisset,
432 583 490 667 qui
525 582 599 648 fieri
632 585 759 670 potuit,
795 594 835 652 ut
869 594 945 673 post
980 589 1109 674 viginti
1137 590 1273 656 demum
1301 616 1407 659 annos

236 704 380 762 mortem
416 699 533 763 obiret.
591 701 665 765 Hoc
701 707 814 766 autem
842 701 985 768 fortasse
1014 728 1032 768 e
1061 707 1266 772 carminibus
1292 710 1408 796 colligi

236 815 362 905 potuit,
398 837 474 878 oum
508 815 574 879 iter
610 816 794 881 decennale
829 841 889 903 per
923 825 975 884 tot
1009 821 1137 888 rivulos
1170 823 1211 888 de
1241 825 1409 890 Herodoti

236 930 429 995 narratione
454 929 691 1016 depromptum
715 937 813 996 esset.

342 1047 419 1109 Huc
443 1046 582 1130 accedit,
607 1045 697 1130 quod
721 1047 879 1112 Solonem
904 1071 980 1113 cum
1002 1051 1217 1142 Philooypro,
1242 1079 1324 1142 rege
1347 1057 1407 1122 So-

235 1161 357 1226 liorum
392 1162 498 1226 multo
534 1168 615 1248 post
647 1185 774 1226 annum
803 1163 870 1228 584
898 1160 1097 1230 convenisse
1121 1172 1407 1238 verisimillimum

235 1284 296 1342 est.
354 1277 494 1341 Etenim
529 1300 570 1342 ex
602 1259 771 1344 'Herodoti
804 1279 1000 1346 testimonio
1028 1282 1284 1372 Aristooyprus,
1313 1289 1404 1354 filius

234 1393 447 1480 Philocypri,
475 1417 504 1458 a.
528 1395 595 1459 498
622 1395 660 1459 in
682 1391 809 1481 proelio
833 1396 875 1461 ad
899 1397 1069 1462 Salamina
1092 1396 1180 1462 facto
1204 1399 1404 1469 interfectus

236 1517 296 1574 est.
344 1510 465 1595 itaque
488 1510 732 1597 Philocyprum
757 1535 827 1578 non
851 1513 899 1578 ita
921 1514 1039 1578 multis
1062 1515 1161 1578 annis
1185 1521 1262 1578 ante
1286 1539 1314 1581 a.
1339 1519 1406 1581 470

235 1627 272 1691 in
295 1648 438 1710 regnum
463 1627 653 1692 escendisse
678 1635 942 1694 consentaneum
967 1635 1027 1714 est,
1037 1624 1062 1712 ¹)
1090 1629 1159 1694 nisi
1186 1630 1272 1695 forte
1296 1632 1405 1697 filium

236 1750 352 1808 exacta
375 1748 486 1807 aetate
511 1743 673 1808 cecidisse
689 1745 745 1808 vel
760 1745 1013 1830 Philooyprum,
1038 1745 1220 1811 admodum
1235 1747 1404 1831 invenem,

234 1881 396 1944 regnasse
420 1864 563 1942 statuas,
597 1859 686 1944 quod
709 1866 890 1944 utrumque
914 1883 983 1925 non
1005 1861 1110 1926 nimis
1133 1863 1320 1928 verisimile
1345 1870 1405 1928 est.

233 1976 309 2040 Hoc
344 1980 457 2040 autem
492 1996 598 2038 unum
626 1998 644 2038 e
676 1981 727 2040 tot
762 1975 952 2041 fabularum
988 1978 1144 2062 congerie
1178 1977 1309 2043 factum
1345 1984 1405 2060 est,

235 2091 325 2175 quod
362 2091 553 2156 examinare
588 2113 776 2178 possumus
823 2093 912 2157 Nam
947 2115 1032 2178 quae
1069 2095 1159 2180 apud
1193 2094 1405 2159 Herodotum

236 2214 270 2271 et
293 2206 514 2272 Plutarchum
539 2208 580 2272 de
605 2209 770 2293 colloquio
795 2231 872 2273 cum
893 2209 1016 2274 Croeso
1030 2217 1075 2274 et
1095 2210 1257 2275 Amaside
1278 2217 1405 2295 extant,

234 2323 307 2408 hae,
332 2330 370 2388 ut
393 2323 435 2388 R.
461 2324 628 2389 Schubert
652 2324 908 2409 demonstravit,
934 2348 1045 2390 merae
1069 2325 1202 2390 fabulae
1226 2332 1315 2391 sunt.

340 2441 413 2504 Iam
431 2440 791 2506 'veridissimillimum
826 2447 891 2526 est,
928 2465 947 2505 a
976 2442 1098 2507 Solone
1126 2441 1192 2506 iter
1221 2442 1405 2506 decennale

234 2556 302 2621 iam
337 2578 425 2621 anno
461 2557 526 2621 593
561 2563 756 2642 susceptum
791 2579 873 2622 esse.
924 2557 1095 2622 Ponamus
1129 2580 1202 2622 rem
1235 2556 1405 2642 publicam

233 2671 509 2758 Atheniensium,
533 2679 584 2738 tot
599 2674 772 2758 tantisque
788 2674 885 2738 malis
901 2675 1120 2758 laborantem,
1145 2696 1207 2760 per
1227 2673 1406 2739 biennium

234 2787 399 2853 aSolone
424 2789 644 2854 constitutam
668 2811 751 2855 esse.
798 2791 920 2854 Nonne
957 2791 988 2855 ei
1023 2789 1211 2855 cavendum
1239 2797 1325 2876 erat,
1360 2813 1404 2854 ne

233 2904 326 2988 leges
361 2906 450 2968 mala
484 2905 767 2991 interpretatione
802 2904 846 2969 ad
879 2906 1015 2972 irritum
1050 2906 1219 2972 caderent.
1270 2906 1406 2971 Bellum
1493 2978 1494 2982 ,

233 3042 331 3107 porro
356 3020 446 3107 quod
468 3027 594 3086 vocant
614 3043 746 3086 sacrum
766 3027 844 3086 ante
865 3044 992 3087 annum
1008 3018 1104 3104 5902)
1129 3021 1320 3088 confectum
1335 3045 1405 3087 non

340 3323 369 3391 1)
387 3323 424 3376 H.
444 3324 534 3377 Flaoh
552 3323 571 3376 l.
591 3324 608 3377 l.
628 3342 656 3395 p.
676 3324 728 3378 373
747 3341 813 3378 ann.
835 3325 858 3379 1.

339 3429 368 3500 2)
387 3431 568 3501 Quamquam
592 3435 675 3485 caute
694 3432 772 3485 hunc
791 3450 898 3485 annum
925 3431 1017 3504 posui,
1036 3449 1094 3486 non
1112 3450 1230 3504 possum
1248 3449 1307 3485 non
1325 3428 1405 3484 affir-

233 3537 321 3591 mare,
340 3520 477 3574 Nieseum
506 3519 534 3590 (l.
553 3521 571 3574 l.
591 3539 618 3591 p.
639 3521 672 3574 16
692 3525 766 3591 etp.
786 3522 833 3588 20)
852 3521 925 3574 mihi
943 3539 1002 3575 non
1021 3521 1204 3593 persuasisse,
1224 3521 1279 3574 hoc
1297 3520 1405 3574 bellum

232 3629 291 3664 non
309 3627 360 3680 per
379 3609 477 3664 decem
501 3627 591 3663 annos
619 3614 733 3680 gestum
753 3627 821 3664 esse.
867 3609 943 3664 Nam
973 3627 1110 3665 numerus
1137 3609 1279 3663 rotundus
1308 3607 1406 3664 decem

233 3717 375 3754 annorum
394 3699 468 3754 nihil
487 3696 655 3753 offensionis
682 3699 779 3769 habet,
807 3718 873 3753 eum
897 3700 1042 3770 permulta
1068 3699 1144 3753 bella
1166 3698 1239 3752 miro
1263 3716 1405 3754 annorum

233 3789 327 3860 spatio
347 3788 487 3844 contineri
506 3788 585 3842 haud
603 3788 778 3858 ignoremus,
797 3789 878 3842 velut
890 3789 984 3860 prima
1003 3788 1071 3842 belli
1083 3786 1320 3859 Peloponnesiaci
1339 3805 1405 3858 pars

232 3896 265 3932 ac
284 3879 391 3932 bellum
409 3877 619 3932 Messeniacum
637 3877 755 3932 tertium
776 3876 889 3943 δεκαετῆ
913 3877 1040 3932 fuerunt.
1078 3876 1187 3943 Quodsi
1205 3876 1268 3947 quis
1287 3878 1405 3931 annales

231 3967 401 4038 inspexerit,
425 3967 503 4022 haud
533 3985 598 4021 raro
631 3966 705 4020 bella
737 3967 847 4036 decem,
867 3972 989 4038 septem,
1017 3965 1139 4038 triginta
1161 3985 1303 4020 annorum
1322 3973 1405 4038 gesta

233 4073 294 4111 esse
319 4055 475 4128 apparebit.
504 4056 547 4110 Ac
573 4061 695 4124 constat,
716 4055 894 4110 obsessiones
913 4056 1028 4110 urbium
1056 4055 1265 4128 antiquissimis
1292 4062 1403 4126 tempo-

232 4145 312 4200 ribus
340 4145 410 4199 satis
438 4145 590 4200 diuturnas
615 4151 645 4199 et
669 4144 802 4199 difficiles
821 4145 918 4199 fuisse.
955 4144 1070 4199 Nullius
1089 4163 1173 4216 porro
1192 4144 1332 4201 momenti
1351 4149 1403 4214 est,

232 4234 309 4304 quod
337 4233 519 4305 Thucydides
547 4235 581 4304 (I,
602 4235 647 4302 15)
675 4234 762 4288 huius
789 4234 857 4289 belli
883 4233 1060 4290 mentionem
1086 4253 1144 4289 non
1172 4235 1250 4304 fecit,
1278 4234 1404 4303 quando·

233 4323 348 4394 quidem
366 4324 510 4394 permulta
533 4324 647 4380 silentio
670 4323 875 4396 praetermisit,
904 4343 977 4397 quae
1006 4326 1042 4380 ad
1065 4323 1218 4379 historiam
1236 4321 1404 4378 vetustioris

233 4413 336 4468 aetatis
355 4413 583 4485 cognoscendam
602 4414 760 4486 pertinent,
791 4415 871 4470 velut
894 4415 942 4470 ille
961 4415 1108 4483 Solonem,
1136 4419 1170 4468 ut
1196 4411 1316 4467 Nieseus
1344 4411 1405 4486 ipse
