3302 4914
827 285 870 350 37

741 375 953 384 ---—----

261 510 301 569 ut
322 508 454 568 veteres
478 501 589 567 facere
613 500 775 584 solebant,
800 499 926 586 attulit,
951 522 1028 566 curn
1050 501 1125 586 ipse
1148 500 1190 565 ab
1213 499 1276 565 hoc
1301 499 1430 564 dissen-

262 621 353 686 tiret.
400 618 452 684 Of.
477 619 576 702 Diog.
600 618 627 701 I,
655 617 731 682 107:
764 607 974 700 Σωσικράτης
1002 609 1036 676 ἐν
1059 611 1230 693 διαδοχαῖς
1253 606 1431 700 (1111161616)

263 725 333 798 ἀπὸ
356 730 415 815 μὲν
437 725 566 818 πατρὸς
587 722 725 808 Ἠτεῖον,
750 721 821 793 ἀπὸ
846 727 882 793 δὲ
904 723 1027 816 μητρὸς
1051 725 1163 816 Χηνέα
1186 752 1215 792 κ.
1239 751 1268 792 τ.
1292 728 1321 792 λ.

368 889 399 953 3.
438 886 549 953 Venio
566 885 608 950 ad
623 885 762 949 tertium
778 885 898 969 locum,
922 883 1166 949 difficillimum
1181 884 1278 948 illum
1294 884 1432 970 quidem

262 1005 442 1092 explicatu.
489 1002 632 1087 Legitur
659 1007 773 1065 autem
797 1000 887 1087 apud
909 1001 1101 1086 Diogenem
1124 1000 1177 1079 (ἐξ
1201 1000 1348 1080 49-52)
1372 1001 1432 1066 So·

263 1121 385 1185 sicrate
409 1125 553 1202 auctore,
580 1117 750 1200 Solonem,
774 1139 851 1181 cum
874 1123 1022 1182 armatus
1046 1117 1084 1181 in
1108 1117 1303 1182 contionem
1325 1117 1432 1203 prosi-

260 1235 393 1318 luisset,
417 1234 560 1299 insidias
583 1233 759 1298 Pisistrati
782 1233 962 1318 aperuisse.
1003 1234 1105 1300 Hunc
1129 1239 1242 1298 autem
1266 1232 1308 1297 ad
1330 1232 1432 1297 liber-

261 1357 366 1415 tatem
389 1347 638 1414 defendendam
661 1355 817 1434 paratum
841 1355 977 1413 senatus
1001 1349 1151 1414 insanire
1176 1349 1318 1414 censuit.
1363 1349 1432 1435 Ty-

261 1465 403 1531 rannide
430 1465 604 1552 praedicta
632 1464 690 1528 ille
719 1463 761 1528 ab
789 1464 892 1529 armis
920 1463 1077 1531 discessit
1105 1471 1140 1529 61
1166 1465 1204 1529 111
1232 1464 1432 1552 Aegyptum
1537 1497 1539 1500 ·

259 1582 433 1670 profectus
469 1586 529 1645 est.
594 1580 661 1656 Qui
696 1602 773 1644 cum
800 1580 1020 1646 Pisistratum
1048 1581 1115 1646 iam
1143 1587 1330 1666 tyrannum
1359 1603 1432 1646 esse

260 1698 460 1784 accepisset,
488 1697 571 1762 haec
598 1695 869 1761 Atheniensibus
893 1697 1031 1784 scripsit
1065 1695 1179 1782 (frgm.
1207 1697 1247 1762 11
1270 1696 1360 1783 ng.
1391 1689 1432 1758 Ei

261 1808 297 1874 δὲ
325 1804 523 1874 πεπόνθατε
551 1804 650 1896 λυγρὰ
678 1833 707 1873 κ.
732 1808 839 1896 61).
897 1812 992 1878 Haec
1027 1813 1141 1878 omnia
1175 1811 1217 1877 de
1253 1813 1430 1898 Sosicrate,

261 1929 388 2016 opinor,
414 1927 614 2016 deprompta
637 1935 726 1993 sunt.
774 1929 842 1994 Hic
870 1929 962 1993 6111111
990 1929 1203 2015 diligentior,
1240 1952 1340 2016 quam
1373 1929 1432 2015 qui

261 2053 341 2112 ante
366 2068 442 2109 eum
466 2045 688 2139 scripserunt,
719 2043 787 2109 fuit
809 2045 847 2109 in
870 2045 1088 2131 exquirendis
1111 2045 1331 2132 temporibus.
1378 2046 1430 2112 Ob

260 2161 307 2247 id,
330 2168 370 2226 ut
386 2161 519 2226 Solonis
536 2184 612 2226 cum
629 2161 752 2226 Croeso
777 2161 982 2246 colloquium
998 2161 1041 2225 ad
1057 2168 1247 2249 temporum
1261 2162 1432 2227 rationem

259 2271 480 2361 revocaret1),
515 2277 679 2342 hocloco
707 2277 748 2343 ab
772 2277 960 2363 Hermippo
984 2277 1168 2362 dissidens,
1205 2277 1323 2362 fugam
1358 2279 1431 2343 eius

259 2394 420 2459 narravit.
444 2394 519 2458 Hoc
536 2393 628 2458 enim
643 2399 778 2458 61161616
793 2394 996 2458 Plutarchus
1012 2393 1165 2478 tradidit,
1182 2416 1258 2458 cum
1272 2395 1431 2460 Solonem

258 2511 365 2574 multo
388 2515 488 2574 611166
512 2532 587 2574 cnm
612 2510 736 2575 Croeso
761 2531 979 2595 congressum
1003 2532 1090 2594 6666,
1114 2516 1188 2574 tum
1211 2509 1431 2575 Pisistratum

259 2627 383 2693 Solone
416 2647 516 2690 usum
543 2647 616 2690 esse
644 2625 762 2691 amico.
812 2625 891 2710 Qui,
928 2648 1004 2690 oum
1031 2626 1140 2690 multa
1166 2627 1285 2691 acerbe
1314 2632 1430 2692 6611116

258 2749 444 2828 tyrannum
467 2740 620 2826 dixisset,
653 2742 694 2806 ab
718 2741 835 2806 amicis
860 2749 919 2807 aut
942 2764 962 2806 a
984 2741 1165 2806 Pisistrato
1189 2741 1429 2828 interrogatus,

261 2880 326 2942 qua
348 2879 386 2921 re
410 2856 555 2922 confisus
579 2857 642 2922 hoc
665 2857 777 2922 facere
801 2880 901 2922 ausus
925 2865 1028 2943 esset,
1062 2857 1239 2945 respondit
1262 2858 1309 2940 τῷ
1334 2850 1427 2943 γήρᾳ.
1493 2918 1495 2922 .

260 2972 348 3037 Oum
370 2973 433 3038 hac
455 2973 647 3038 narratione
670 2972 813 3040 Diodori
836 2973 1028 3058 fragmenta
1050 2976 1073 3039 4
1096 2976 1166 3040 612
1189 2974 1345 3040 versibus
1370 2997 1429 3038 ex-

260 3088 368 3175 ceptis
396 3095 597 3173 congruunt.
650 3091 776 3155 Versus
804 3098 918 3156 autern
944 3090 1148 3155 Plutarchus
1177 3114 1195 3155 6
1223 3091 1429 3156 carminibus

258 3204 343 3290 ipsis
366 3203 504 3269 videtur
525 3204 692 3290 hausisse,
720 3212 759 3271 ut
786 3206 906 3272 horum
930 3207 1158 3292 discrepantia
1181 3206 1319 3272 adrem
1341 3206 1430 3271 nihil

258 3320 414 3386 attineat.
482 3321 603 3406 Itaque
641 3321 704 3387 hoc
740 3344 873 3408 quoque
908 3324 981 3389 loco
1015 3325 1188 3409 Diogenes
1227 3323 1430 3390 Sosicratem

260 3681 320 3737 side
338 3692 434 3740 autem
453 3685 501 3740 ille
519 3685 683 3740 narravisse
701 3679 928 3752 videaturjrilte
952 3691 991 3745 εἰς
1012 3682 1106 3760 κώμην
1132 3681 1225 3754 Χηνὰς
1249 3690 1428 3759 καλουμένην.

259 3771 333 3825 Nam
351 3773 406 3828 hac
424 3774 613 3829 contrahendi
631 3774 744 3829 ratione
766 3775 886 3830 Diodori
910 3777 1069 3832 orationem
1088 3778 1201 3848 saepius
1220 3777 1256 3832 ab
1275 3777 1426 3849 eclogariis

259 3867 420 3930 corruptam
450 3881 527 3918 essee
554 3870 633 3936 puto.
671 3865 851 3936 Quamquam
876 3866 954 3920 haud
977 3867 1088 3938 ignoro,
1107 3867 1368 3938 praepositionibus
1388 3872 1427 3925 εἰς

259 3954 288 4004 61
307 3951 336 4001 ἐν
354 3950 532 4020 Byzantinos
550 3954 711 4024 promiscue
730 3971 797 4009 usos
815 3973 884 4012 esse.
922 3956 977 4011 Sed
995 3955 1088 4010 dehis
1106 3957 1192 4010 rebus
1215 3957 1321 4011 certius
1343 3973 1428 4011 nemo

257 4043 354 4110 potest
371 4039 505 4110 iudicare,
524 4042 580 4096 nisi
598 4043 629 4098 in
647 4049 740 4098 totam
759 4050 961 4116 excerptorum
980 4045 1140 4100 orationem
1157 4046 1286 4116 inquirit.

366 4180 394 4253 1)
404 4182 442 4236 H.
453 4183 533 4238 Diels
543 4184 643 4240 RhM.
650 4188 706 4242 vol.
718 4187 780 4242 311.
791 4188 809 4242 l.
819 4207 846 4259 p.
857 4190 891 4242 21
907 4188 1080 4242 Sosicratem
1090 4193 1155 4260 post
1164 4189 1364 4259 Hermippum,
1375 4187 1429 4242 Pa-

257 4272 394 4340 naetium,
417 4271 622 4343 Apollodorum
642 4276 732 4330 fuisse
751 4277 861 4346 statuit,
881 4294 953 4347 quos
972 4295 1071 4332 omnes
1090 4277 1202 4332 accivit.
1240 4277 1336 4347 Atque
1354 4295 1381 4331 V.
1402 4277 1428 4331 d.

258 4362 404 4433 perspexit
422 4362 594 4418 Sosicratem
614 4365 706 4419 multo
726 4365 946 4437 diligentiorem,
966 4385 1050 4438 quarn
1071 4367 1118 4440 qui
1138 4371 1205 4422 61116
1224 4384 1290 4421 eum
1308 4365 1428 4439 scripse-

259 4457 334 4520 runt,
354 4451 384 4506 in
404 4452 583 4526 temporibus
602 4454 785 4525 exquirendis
803 4454 900 4512 fuisse.
