3302 4914
816 237 858 303 96

728 329 940 338 mm·-

247 469 294 514 v.:
329 449 443 534 Δῆμος
471 440 599 536 ἀιδρείῃ
628 444 824 538 δουλοσύνην
855 446 970 516 ἔπεσεν
1000 455 1195 522 addicamus
1224 481 1268 523 an
1295 482 1315 524 a
1338 459 1417 524 Plu·

247 565 363 631 tarcho
386 588 504 632 versus
527 569 615 632 male
634 570 832 635 coniunctos
850 594 922 636 esse
939 578 1136 638 statuamus.
1170 575 1278 639 Causa
1293 582 1416 660 autem,

247 705 306 746 our
333 683 536 747 Plutarchus
564 685 669 750 altero
694 687 766 751 loco
797 687 841 766 (v.
867 688 934 752 sol.
960 712 986 752 c.
1012 687 1047 772 2)
1071 679 1141 749 ἀλλ’
1167 681 1307 774 ἑτέριοδι
1332 686 1418 773 λέγει

247 797 382 882 dixerit,
408 821 484 863 cum
508 822 526 862 e
547 799 692 865 diversis
710 803 915 868 carminibus
933 806 1120 889 complures
1137 829 1255 871 versus
1272 807 1416 892 afferret,

246 915 352 980 altero
387 915 548 1000 omiserit,
584 917 644 981 vix
679 917 835 1001 intellegi
868 925 1005 1003 potest‘
1044 921 1112 985 Sed
1146 923 1190 987 ad
1223 923 1311 988 hanc
1345 947 1416 989 rem
1478 983 1482 991 .

247 1030 501 1096 diiudicandam
524 1055 685 1118 magnum
708 1033 794 1098 illud
817 1041 1026 1098 momentum
1049 1035 1160 1122 habet,
1187 1039 1276 1124 quod
1296 1045 1417 1127 poetae

247 1147 390 1232 elegiaci
419 1149 585 1213 contraria
613 1171 782 1235 opponere
816 1150 938 1215 solent:
981 1151 1142 1216 Oonferas
1170 1155 1275 1220 velim
1313 1153 1415 1240 (The-

247 1286 324 1349 ogn.
350 1260 443 1346 797);

404 1387 456 1459 Ἐν
480 1393 515 1460 δέ
538 1395 656 1481 τοιῷδε
680 1394 762 1480 γένει
786 1391 922 1484 χρήματ’
949 1389 1082 1483 ἄριστον
1105 1392 1186 1476 ἔχειν

407 1507 448 1574 Ei
470 1509 530 1593 μέν
553 1507 613 1598 yolo
637 1512 802 1590 πλουτεῖς,
827 1510 950 1576 πολλοὶ
975 1509 1078 1600 φίλοι,
1103 1505 1141 1601 ἤν
1164 1510 1199 1576 δέ
1222 1509 1343 1601 πένῃοιι

405 1630 544 1714 Ποιδροι,
569 1619 693 1690 aotam
717 1621 806 1709 ὁμῶς
830 1621 928 1705 οιδτδς
952 1621 1032 1716 ἀνὴρ
1057 1620 1196 1712 ἀγαθός.

438 1753 452 1782 τ
643 1757 649 1778 ι
836 1756 843 1777 x
960 1757 967 1777 x
995 1785 1001 1798 ι
1030 1754 1049 1779 >x
1120 1760 1127 1797 ν
1249 1754 1261 1792 Ἰν
1293 1757 1301 1778 s

246 1763 289 1830 of.
307 1765 381 1829 219.
411 1764 507 1826 Οινον
529 1785 581 1824 τοι
606 1784 715 1824 νιινειν
738 1761 864 1824 ντονλον
887 1786 988 1825 aanor
1027 1787 1067 1850 ῃν
1091 1761 1124 1825 δε
1150 1785 1201 1838 τις
1224 1785 1330 1841 cerev,

405 1873 493 1965 Πίνῃ
518 1874 754 1958 ἐπισταμένοις,
780 1869 816 1940 οδ
841 1873 941 1954 κακὸς
965 1869 1036 1941 ἀλλ’
1062 1870 1201 1962 ἀγαθός.

285 2016 380 2080 1355.
397 2003 464 2075 Ἢν
485 2009 544 2093 μὲν
568 2007 627 2098 γὰρ
651 2008 774 2100 τελέσῃ,
800 2007 897 2094 γλοκδ
922 2007 1054 2096 γίνεται,
1080 2004 1119 2100 ἢν
1143 2009 1178 2075 δὲ
1202 2006 1331 2075 διώκων

407 2123 468 2216 Μὴ
493 2126 616 2220 τελέσῃ,
641 2122 776 2190 πάντων
799 2131 886 2192 τοῦτ’
913 2120 1136 2216 σἰνιῃρδτοιτον.

305 2265 380 2330 845.
406 2247 452 2326 El·
474 2259 533 2344 μὲν
556 2257 702 2342 κείμενον
726 2253 828 2347 δένδρα
851 2265 960 2338 κακῶς
985 2260 1085 2342 θέμεν
1109 2255 1244 2347 εὐμαρές
1269 2260 1357 2325 ἐστιν

408 2363 453 2442 Εὖ
477 2375 512 2441 δὲ
536 2375 638 2459 θέμεν
661 2371 698 2440 τδ
723 2358 832 2452 νεικεῦς
855 2372 1001 2456 κείμενον
1024 2369 1190 2461 ἆργάλεσν.

354 2532 405 2598 Αο
448 2533 553 2598 simili
596 2532 695 2597 modo
734 2531 889 2618 opposita
928 2531 1090 2616 leguntur
1135 2530 1225 2616 apud
1271 2529 1417 2594 eundem

246 2671 278 2715 v.
307 2650 380 2734 162,
405 2650 461 2734 643
494 2649 690 2733 197-200;
721 2649 796 2733 797,
821 2649 877 2731 98;
910 2649 985 2732 929,
1010 2647 1066 2731 303
1091 2647 1166 2732 895,
1191 2648 1244 2711 96.
1292 2645 1418 2711 Confer

248 2765 352 2830 etiam
376 2765 502 2831 Callini
525 2765 625 2852 frgm.
654 2766 670 2829 1
696 2788 728 2830 v.
755 2766 807 2849 16,
833 2765 884 2829 17.
917 2765 991 2828 Hoc
1013 2769 1126 2828 autem
1142 2761 1242 2827 modo
1260 2763 1418 2828 Solonem

248 2881 375 2946 dixisse
409 2889 500 2968 puto.
553 2883 602 2948 Ut
636 2903 727 2945 mare
762 2880 875 2945 ventis
910 2879 1119 2964 agitantibus
1154 2879 1323 2963 turbatur,
1359 2877 1419 2944 sed

247 2998 500 3063 remittentibus
524 2996 708 3083 placidum,
745 2997 794 3060 ita
821 2995 1012 3082 respublica
1038 2994 1081 3060 ad
1109 3017 1278 3058 summum
1306 3017 1419 3059 rerum

248 3113 431 3180 discrimen
455 3112 647 3197 adducitur,
684 3112 713 3176 si
740 3111 895 3176 homines
922 3111 1133 3198 potentiores
1162 3111 1329 3195 existunt;
1365 3111 1417 3175 his

248 3235 361 3295 autem
377 3229 574 3294 absentibus
592 3228 706 3312 quiete
723 3227 849 3292 fruitur
865 3236 966 3314 atque
983 3228 1062 3294 oti0.
1091 3226 1124 3292 A
1139 3227 1289 3293 Diodoro
1306 3234 1417 3292 autem

177 3367 179 3372 ·
248 3367 367 3410 versus
391 3345 532 3410 omissos
557 3367 629 3409 esse
653 3344 741 3409 nihil
763 3367 883 3410 moror.
916 3345 951 3409 Is
976 3342 1122 3431 quidem,
1148 3350 1312 3430 utsupra
1336 3341 1417 3424 dixi,

247 3468 325 3549 post
339 3484 426 3526 vers.
444 3462 464 3525 5
481 3460 581 3546 frgm.
599 3462 619 3525 9
643 3467 894 3546 pentametrum
918 3467 952 3526 et
972 3461 1206 3526 hexametrum
1228 3458 1420 3544 neglexerit

248 3601 385 3644 necesse
403 3584 463 3643 est.
491 3577 543 3642 Ac
559 3577 589 3641 si
605 3576 687 3641 haee
703 3583 795 3641 recte
813 3577 986 3663 disputata
1006 3583 1096 3659 sunt,
1121 3575 1211 3661 apud
1227 3574 1419 3660 Diogenem

249 3700 283 3759 et
298 3694 485 3760 Diodorum
500 3716 619 3759 versus
633 3683 687 3767 Ἓξ
702 3683 828 3771 ἀνέμων
844 3714 872 3752 κ.
888 3714 915 3752 τ.
929 3689 957 3752 λ.
976 3693 1060 3756 item
1077 3691 1243 3756 excidisse
1267 3696 1417 3776 apparet.

249 3811 323 3875 Hac
352 3816 465 3875 autem
492 3810 625 3875 ratione
654 3809 843 3874 sententiae
871 3809 962 3873 inter
985 3831 1021 3872 se
1045 3806 1234 3892 excipiunt:
1265 3805 1338 3883 Qua
1360 3829 1419 3870 ne·

251 3925 408 3991 cessitate
432 3933 467 3990 et
490 3949 508 3990 e
531 3926 674 3991 nubium
698 3924 856 4010 congerie
879 3924 932 3988 vis
956 3922 1074 3988 imbris
1102 3929 1203 4007 atque
1226 3922 1319 3986 nivis
1344 3928 1419 3985 ete

250 4041 450 4108 fulminibus
486 4044 633 4108 tonitrus
669 4041 837 4122 oriuntur,
873 4062 939 4124 qua
966 4060 1046 4104 vero
1075 4039 1277 4104 necessitate
1305 4037 1418 4104 ventis

250 4157 466 4222 turbantibus
490 4183 582 4224 mare
606 4160 789 4246 impotens,
825 4155 885 4220 sed
914 4155 1112 4220 cadentibus
1136 4154 1321 4240 placidum,
1357 4153 1420 4217 hac

251 4274 368 4338 eadem
391 4273 596 4358 reipublicae
620 4275 760 4339 libertas
790 4273 922 4356 interit,
959 4272 989 4336 si
1023 4271 1177 4336 homines
1212 4269 1420 4356 potentiores

252 4389 413 4472 existunt,
438 4389 613 4472 (seruatur⁷
635 4389 664 4452 si
680 4386 871 4471 tolluntur).
905 4388 1035 4454 Eodem
1052 4389 1160 4474 igitur
1176 4385 1328 4470 consilio,
1354 4409 1420 4473 quo
