3302 4914
815 197 858 266 47

734 291 946 300 —..--.-.-—.--

257 443 331 488 esse
366 426 505 486 constat.
569 417 674 496 Quid!
722 416 838 500 Solon,
873 415 974 480 huius
1001 415 1084 480 belli
1113 420 1243 499 auctor,
1278 411 1426 480 Athenis

258 537 374 620 cessit,
413 536 610 623 priusquam
647 555 767 620 pacem
806 531 1065 597 conciliavisset.
1121 531 1246 615 'Neque
1283 553 1426 617 usquam

258 653 342 718 mihi
363 650 585 738 persuadebo,
623 649 781 714 Solonem
816 653 851 712 et
884 654 955 714 1111
983 646 1204 732 insipientem
1233 645 1352 730 fuisse,
1387 653 1427 711 ut

257 769 486 834 Athenienses
510 789 571 852 per
594 765 710 830 decem
734 787 841 829 annos
864 763 998 849 legibus
1022 769 1213 827 assueturos
1231 768 1425 827 111111111-

258 892 337 970 eret,
363 891 397 950 11
420 892 491 949 tarn
515 881 697 966 socordem,
721 887 760 946 ut
782 901 923 966 peregre
947 879 1057 945 abiret
1079 879 1174 944 nulla
1188 877 1319 943 ratione
1335 878 1427 963 belli,

258 1000 348 1085 quod
377 1001 451 1086 ipse
474 1002 699 1084 permoverat,
724 996 851 1062 habita.
903 996 1024 1080 Itaque
1047 1018 1116 1060 non
1139 999 1252 1080 potest
1274 1016 1344 1058 non
1367 993 1428 1058 du·

255 1115 370 1199 bituri,
394 1115 477 1199 quin
500 1120 534 1178 et
555 1113 749 1178 Herodotus
767 1118 801 1176 et
816 1111 1020 1176 Plutarchus
1044 1111 1086 1176 de
1106 1110 1229 1175 itinere
1250 1110 1428 1176 decennali

258 1229 295 1295 in
323 1231 489 1296 erroribus
512 1236 737 1296 versarentur.
784 1227 1010 1314 Experiamur
1033 1233 1161 1311 autem,
1185 1249 1267 1291 num
1291 1227 1427 1292 ratioci-

257 1346 450 1412 nationibus
473 1345 603 1430 aliquid
626 1343 812 1430 profecturi
835 1344 951 1408 simus.

363 1463 505 1528 Constat
528 1462 620 1525 inter
643 1481 759 1524 omnes
783 1482 802 1522 a
824 1465 921 1545 patre
937 1458 1099 1524 historiae
1116 1459 1264 1544 spatium
1283 1459 1428 1545 triginta

257 1600 437 1660 annorum,
477 1575 566 1661 quod
604 1576 695 1640 inter
734 1575 867 1640 Solonis
906 1575 1142 1640 archontatum
1181 1581 1215 1639 et
1252 1575 1426 1640 Pisistrati

255 1690 475 1777 tyrannidem
502 1692 709 1776 intercessit,
745 1693 941 1778 neglectum
976 1714 1058 1756 esse.
1105 1691 1181 1756 Hoc
1209 1690 1428 1756 confirmatur

256 1806 380 1871 fabulis
388 1801 413 1888 1)
438 1807 479 1872 de
504 1807 620 1872 Croesi
644 1831 720 1872 cum
743 1808 877 1873 Pittaco
894 1815 929 1872 et
945 1808 1067 1873 Solone
1084 1807 1338 1889 consuetudine,
1363 1807 1426 1872 hoc

257 1922 348 1987 idem
372 1923 542 1988 evincitur
558 1947 575 1988 1
591 1925 784 1988 narratione
809 1924 851 1988 de
874 1923 1054 2008 Agaristae
1077 1923 1218 2008 nuptiis,
1243 1923 1305 1988 hoc
1326 1947 1426 2010 appa-

256 2045 309 2104 ret
333 2062 351 2104 1
374 2038 517 2104 historia
545 2040 587 2103 de
614 2062 731 2125 pugna
753 2040 933 2104 Pisistrato
963 2039 1046 2104 duee
1081 2039 1125 2104 ad
1159 2039 1299 2125 Sigeum
1328 2040 1426 2125 facta,

257 2177 358 2239 quam
381 2179 400 2219 a
423 2153 610 2219 Periandro
633 2161 779 2241 tyranno
804 2157 1024 2243 compositam
1054 2178 1126 2220 esse
1149 2156 1344 2221 Herodotus
1368 2157 1425 2221 ait.

256 2271 331 2336 Hoc
367 2270 485 2336 eodem
523 2278 669 2358 spectat,
706 2271 796 2356 quod
829 2267 1054 2351 Herodotus2)
1090 2272 1193 2356 dixit,
1234 2295 1310 2337 cum
1349 2261 1428 2353 dyos-

256 2377 441 2447 Κυλώνειον
476 2394 660 2474 exponeret
695 2385 750 2472 (V,
776 2385 849 2470 71):
888 2387 991 2448 codro
1015 2379 1082 2471 πρὸ
1107 2388 1165 2473 τῆς
1188 2380 1426 2472 Πεισισιράῑου

256 2491 387 2585 ἡλικίας
410 2496 575 2585 tytvecoss)
621 2503 815 2568 Herodotus
840 2505 948 2590 igitur
970 2505 1198 2588 intervallum,
1223 2505 1314 2589 quod
1337 2505 1427 2570 inter

256 2619 414 2684 Solonem
438 2624 471 2682 11
493 2619 713 2684 Pisistratum
737 2619 941 2703 intercessit,
965 2622 1066 2707 plane
1089 2620 1246 2686 nescivit.

361 2735 480 2819 Neque
508 2741 623 2800 tamen
652 2741 784 2822 oportet
812 2735 977 2801 Herodoti
1006 2736 1170 2802 disertum
1193 2737 1427 2802 testimonium

257 2872 333 2914 cum
357 2851 398 2914 R.
424 2849 592 2916 Schubert
614 2853 742 2917 tollere.
774 2852 800 2935 I,
820 2853 877 2916 39:
903 2841 1044 2936 ὁρκίοισι
1067 2844 1127 2935 γὰρ
1149 2844 1322 2934 μεγάλοισι
1346 2874 1426 2914 ναι-

257 2955 390 3040 είχοντο,
426 2960 504 3025 δέκα
539 2957 612 3026 ἔτεα
646 2958 828 3051 χρήσεσθαι
864 2959 1009 3046 νόμοισι,
1045 2960 1121 3042 τοὺς
1156 2956 1195 3027 dv
1219 2986 1279 3052 σφι
1315 2961 1427 3030 Σόλων

256 3077 372 3162 θῆται.
422 3080 530 3147 Immo
554 3081 618 3146 hoo
646 3105 688 3146 ex
716 3083 844 3170 optimo
867 3082 962 3148 fonte
984 3084 1145 3149 haustum
1168 3106 1241 3149 esse
1264 3085 1425 3151 11111111-

255 3194 364 3260 detur.
410 3197 499 3262 Nam
522 3219 622 3262 causa
645 3199 757 3264 minus
786 3205 939 3286 apparet,
977 3222 1036 3264 eur
1063 3198 1256 3265 Herodotus
1291 3199 1426 3266 fabulae

253 3334 368 3396 eausa,
405 3335 505 3398 quam
533 3314 689 3399 protulit,
725 3315 961 3382 iusiurandum
984 3316 1022 3380 in
1045 3315 1161 3380 decem
1185 3339 1291 3382 annos
1314 3323 1426 3382 ratum

253 3427 401 3494 finxerit.
435 3428 503 3496 Sed
525 3430 568 3494 R.
585 3430 753 3496 Sohubert
775 3429 977 3517 persuadere
1001 3405 1067 3496 sibi
1087 3453 1157 3497 non
1172 3439 1294 3519 potest,
1318 3431 1425 3498 Athe-

255 3543 389 3610 nienses
413 3551 484 3610 tam
509 3545 712 3632 insipientes
736 3546 852 3632 fuisse,
875 3553 914 3611 ut
936 3548 1039 3632 leges,
1065 3571 1147 3634 quas
1171 3547 1323 3613 nondum
1347 3571 1426 3635 eog-

254 3856 369 3922 urgnet,
388 3855 504 3910 omnino
522 3874 582 3910 non
599 3857 845 3913 commemoravit.
881 3857 961 3912 Nihil
979 3857 1070 3930 igitur
1089 3863 1141 3927 est,
1160 3858 1237 3928 quod
1256 3857 1426 3913 Callistheni

252 3938 432 4010 (Athenaeus
450 3943 526 3999 XHI
554 3947 607 4000 560
631 3946 657 4000 b.
677 3948 712 4014 c.)
736 3945 897 4001 affirmanti
916 3947 1022 4002 bellum
1048 3947 1222 4002 Orissaicum
1249 3966 1300 4019 per
1327 3949 1425 4003 decem

250 4045 395 4085 annorum
420 4032 545 4104 spatium
569 4040 683 4106 gestum
703 4053 764 4091 esse
782 4035 869 4091 fidem
888 4037 1066 4108 derogemus.

360 4136 387 4208 1)
407 4138 477 4194 Her.
497 4139 520 4211 Ι,
539 4141 581 4196 30.
601 4143 637 4197 ef.
657 4141 774 4213 V1,125
794 4162 859 4198 cum
877 4143 915 4198 H.
935 4143 1016 4198 Stein
1034 4148 1132 4198 annot.
1146 4143 1182 4199 cf.
1196 4145 1230 4215 V,
1250 4146 1292 4199 95.

250 4244 286 4298 ef.
306 4245 341 4301 G.
362 4246 464 4316 Grote,
484 4246 586 4304 Gesch.
607 4249 721 4305 Grieeh.
740 4251 779 4322 Π,
800 4251 938 4306 deutsche
956 4250 1075 4306 Uehers.
1094 4271 1122 4322 p.
1140 4253 1175 4306 31
1195 4253 1306 4307 1115.

355 4352 384 4424 2)
404 4355 437 4408 B.
457 4354 551 4426 Niese,
569 4376 597 4428 p.
619 4358 633 4410 1
653 4375 719 4412 ann.
740 4359 764 4411 1.
