3302 4914
828 210 871 276 34

746 300 958 312 ———n

536 411 604 486 Oria
627 410 666 484 tv
689 419 823 503 κατέσχε
847 423 963 512 δῆμον·
989 420 1018 490 εἰ
1042 421 1101 513 γὰρ
1126 417 1248 515 ἤθελον

524 524 570 598 Ἃ
591 539 663 613 τοῖς
686 534 880 604 ἕναννίοισιν
903 533 1036 626 ἥνδανεν
1058 536 1141 606 τότε.
1168 615 1171 622 Ι

264 679 355 745 Huic
378 681 512 746 obstitit
528 681 590 747 Th.
604 681 719 768 Bergk
727 678 762 768 ¹),
788 707 865 749 cum
887 686 1043 752 lacunam
1067 687 1115 752 sic
1140 691 1342 777 explendam
1362 719 1435 761 esse

263 801 480 882 proponeret:
505 786 562 858 οὐκ
586 787 625 858 ἂν
647 794 782 876 κατέσχε
806 795 922 884 δῆμον·
948 790 1161 883 εἷθ’ὑνεοβάς·
1179 798 1208 867 εἰ
1225 800 1285 893 γὰρ
1302 798 1432 894 ἤθελον.

264 911 377 997 Atque
401 912 512 978 simile
536 914 705 998 quoddam
728 917 832 1001 Hugo
849 914 1082 1004 Landwehr²)‚
1108 944 1185 986 oum
1207 923 1243 988 in
1267 948 1434 1012 papyrum

263 1027 461 1112 inquireret,
479 1019 562 1112 (ἅμα
575 1024 611 1090 δέ
627 1030 738 1114 φησιν)
755 1031 1042 1118 interponendum
1055 1058 1127 1100 esse
1145 1040 1274 1105 statuit.
1307 1043 1434 1109 Contra

262 1142 323 1207 hos
352 1138 484 1224 Blass³l
520 1145 585 1210 duo
619 1147 762 1233 protulit
796 1157 1005 1234 argumenta.
1052 1152 1208 1219 Primum
1235 1157 1372 1241 quidem
1401 1161 1433 1226 ei

261 1258 374 1323 visum
402 1266 453 1324 est
480 1259 671 1326 litterarum
699 1285 878 1327 numerum
911 1264 940 1328 si
965 1288 1005 1329 ex
1029 1265 1146 1332 eodem
1170 1271 1257 1355 loco,
1295 1297 1360 1359 quo
1395 1276 1432 1341 in
1492 1278 1496 1290 '

260 1373 352 1438 linea
381 1375 424 1439 20
453 1383 530 1462 post
558 1398 579 1436 ο
607 1377 704 1442 verbi
734 1372 878 1454 ναοέσχε,
905 1389 1155 1468 computantur,
1180 1385 1323 1472 obstare,
1350 1413 1430 1474 quo-

260 1489 373 1555 minus
405 1492 509 1557 verba
550 1493 717 1558 eiusmodi
756 1494 959 1561 inserantur.
1006 1498 1048 1563 Iu
1075 1499 1138 1564 hoo
1166 1507 1279 1565 autem
1301 1526 1429 1589 papyro

260 1607 394 1670 numeri
417 1608 607 1674 litterarum
631 1611 679 1673 ita
702 1610 877 1695 fluctuant,
901 1620 940 1678 ut
964 1615 1088 1679 certius
1113 1639 1155 1680 ex
1178 1615 1231 1680 his
1251 1617 1340 1682 nihil
1360 1621 1426 1684 col·

258 1722 323 1806 ligi
345 1723 462 1808 possit.
509 1726 613 1792 Velut
641 1725 679 1790 in
705 1725 806 1790 lineis
837 1729 865 1810 7,
890 1730 912 1792 8
948 1752 965 1792 e
999 1731 1073 1794 loco
1108 1732 1299 1816 significato
1328 1735 1425 1820 XIH,

257 1838 279 1902 l.
310 1839 352 1902 29
381 1840 518 1925 XVIH,
551 1842 588 1905 in
615 1841 675 1906 lin.
707 1843 746 1906 ll
782 1843 911 1928 viginti
944 1844 1079 1907 litterae
1114 1848 1301 1930 explendae
1338 1857 1426 1916 sunt.

260 1953 328 2018 Our
351 1955 457 2040 igitur
480 1980 548 2021 non
572 1958 680 2043 magis
704 1958 785 2023 licet
810 1959 851 2023 de
876 1961 917 2022 22
942 1960 997 2023 vel
1021 1961 1063 2023 23
1087 1959 1226 2044 litteris,
1261 1987 1361 2047 quam
1386 1967 1427 2031 de

262 2071 303 2134 12
339 2072 498 2157 cogitare.
544 2075 663 2158 Neque
692 2074 782 2159 quod
809 2075 867 2138 ille
896 2074 997 2160 dixit,
1034 2083 1104 2140 tam
1137 2076 1239 2162 longo
1267 2081 1425 2145 carminis

256 2186 448 2271 fragmento
472 2189 613 2275 abnipto
638 2190 679 2255 ab
702 2191 901 2274 Aristotele,
931 2215 1007 2257 cum
1036 2191 1079 2256 ad
1107 2193 1252 2257 alterum
1275 2195 1424 2259 eiusdem

257 2304 416 2369 carminis
451 2312 677 2371 reverteretur
711 2308 836 2390 locum,
878 2309 1009 2392 aliquid
1044 2308 1153 2372 fusius
1190 2332 1290 2394 quam
1322 2311 1425 2375 verba

257 2419 422 2486 eiusmodi
446 2410 527 2502 (ἅμα
544 2416 580 2482 δέ
596 2421 707 2508 φησιν)
732 2422 1019 2508 interponendum
1047 2423 1163 2507 fuisse,
1187 2447 1247 2509 pro
1272 2433 1363 2490 certo
1388 2448 1426 2490 ac

256 2537 427 2622 explorato
462 2538 579 2602 haberi
613 2544 735 2625 potest.
789 2540 878 2604 Nam
907 2539 972 2603 etsi
999 2538 1082 2602 haec
1106 2539 1219 2602 omnia
1241 2561 1359 2624 reapse
1384 2539 1426 2604 de

254 2651 441 2718 Aristotele
465 2655 539 2740 ipso
563 2654 606 2719 ad
621 2655 763 2720 verbum
780 2655 979 2741 deprompta
995 2661 1085 2737 sunt,
1110 2659 1226 2718 tamen
1242 2677 1308 2739 quo
1324 2654 1425 2720 modo

254 2776 324 2833 tam
347 2770 448 2854 longo
472 2770 631 2834 carminis
655 2769 847 2856 fragmento
871 2771 929 2834 ille
953 2771 1096 2834 alterum
1120 2769 1312 2854 annexerit,
1336 2770 1424 2835 diiu-

254 2884 366 2949 dicare
389 2909 458 2950 non
481 2907 670 2971 possumus,
696 2909 771 2951 cum
794 2885 882 2950 nihil
907 2885 1073 2951 eiusmodi
1097 2884 1187 2972 apud
1210 2884 1300 2950 hune
1321 2892 1422 2951 extet.

252 3000 432 3066 Praeterea
466 3025 599 3085 versus,
635 3008 674 3066 ut
708 3002 799 3087 apud
826 3002 1046 3066 Plutarchum
1074 3007 1228 3066 exaratos
1257 3001 1423 3087 videmus,

251 3117 460 3202 praeclarum
483 3141 564 3205 prae
588 3140 623 3182 se
647 3117 762 3182 ferunt
785 3140 936 3203 sensum,
965 3139 1042 3182 oum
1069 3124 1148 3182 ante
1177 3117 1276 3182 illud:
1312 3109 1341 3178 εἰ
1363 3109 1423 3202 γὰρ

252 3219 375 3315 ἤθελον
398 3233 528 3319 aliquid
552 3233 737 3298 desiderari
760 3241 795 3299 et
818 3235 880 3300 Th.
902 3235 1021 3320 Bergk
1045 3241 1079 3300 et
1102 3234 1162 3298 alii
1186 3241 1372 3300 censerent.

358 3349 597 3434 Begemannus
622 3350 655 3430 (l.
668 3350 691 3414 l.
703 3373 736 3436 p.
751 3349 786 3433 ὅ)
808 3349 955 3436 denique
977 3349 1098 3415 statuit
1115 3357 1233 3415 contra
1247 3349 1423 3415 Plutarchi

252 3465 532 3530 consuetudinem
554 3464 670 3550 fuisse,
694 3464 806 3531 fontes
823 3467 994 3531 asciscere
1017 3467 1196 3552 primarios
1224 3488 1262 3530 ac
1289 3485 1359 3529 non
1382 3485 1424 3528 ex

250 3583 444 3648 auctoribus
460 3582 604 3666 haurire,
630 3582 689 3668 qui
712 3583 825 3648 omnia
848 3583 917 3648 iam
937 3583 1194 3670 expedivissent
1217 3579 1342 3662 (fontes
1364 3579 1422 3644 de-

249 3697 375 3778 rivati).
421 3698 518 3763 Idem
545 3721 626 3764 vero
649 3721 767 3764 vorsus
792 3699 925 3764 Solonis
957 3699 997 3764 ab
1026 3699 1084 3762 illc
1109 3697 1228 3761 allatos
1255 3700 1326 3760 tam
1349 3702 1422 3760 arte

250 3835 326 3878 oum
341 3814 593 3880 narrationibus
610 3820 645 3879 et
659 3814 942 3900 praecedentibus
960 3820 994 3878 et
1007 3811 1227 3896 sequentibus
1244 3810 1421 3876 cohaerere

357 4067 384 4142 1)
403 4070 459 4125 Rh.
479 4071 612 4126 Museum
631 4071 687 4126 vol.
707 4070 751 4139 36,
769 4089 797 4142 p.
817 4070 869 4124 115
887 4087 953 4123 ann.
973 4069 998 4122 2.

355 4177 383 4248 2)
402 4178 551 4250 Papyrum
569 4178 784 4232 Berolinensem
802 4176 855 4230 Nc.
877 4177 928 4230 163
954 4173 1048 4231 Musei
1071 4173 1245 4246 Aegyptiaci
1268 4174 1311 4229 ed.
1331 4172 1418 4244 Hugo

247 4265 421 4322 Landwehr.
459 4267 556 4322 Gotha
576 4268 653 4337 1883,
671 4285 698 4338 p.
719 4267 761 4320 16.

356 4371 384 4448 3)
403 4373 526 4429 Hermes
544 4373 657 4444 XVIII,
675 4392 703 4446 p.
722 4373 783 4430 439.
