3302 4914
804 314 845 379 10

234 527 322 592 bene
345 527 511 612 congruit.
545 527 671 594 Confer
693 529 876 595 1000101010
899 529 936 594 10
958 529 1128 615 Panegyr.
1154 525 1173 612 ξ
1197 531 1240 594 95
1265 520 1402 614 αἱρεταί»

235 635 327 728 τερόν
350 638 420 704 ἐστι
448 641 556 718 καλῶς
579 633 767 706 ἀποθανεῖν
789 634 811 730 ἢ
834 640 891 730 ζῆν
914 637 1063 728 αἰσχρῶς.

342 759 410 826 Sed
433 761 516 826 satis
540 761 585 825 sit
609 761 650 824 de
673 760 736 826 hac
759 761 839 826 libri
861 767 956 847 perte
981 759 1014 845 (ξ
1038 763 1081 826 23
1104 785 1211 847 usque
1235 762 1278 828 ad
1294 769 1403 828 extre-

234 897 327 942 mum
361 875 508 962 librum).
565 878 620 942 Ex
644 899 710 962 qua
732 887 770 942 ut
793 899 837 943 ne
866 900 972 942 unum
1003 877 1140 963 quidem
1174 878 1403 964 fragmentum

236 991 277 1057 ab
302 992 439 1078 Ephoro
464 998 557 1058 extat
580 994 737 1078 alienum,
762 995 812 1058 ita
834 994 974 1059 nonulla
996 990 1030 1078 (ξ
1055 995 1112 1078 263
1137 996 1192 1078 273
1217 995 1270 1078 31,
1286 995 1318 1076 13
1344 995 1400 1077 323

233 1109 291 1191 343
316 1109 369 1192 36,
393 1106 428 1191 5)
459 1131 501 1172 ex
530 1109 593 1175 hoc
616 1109 736 1174 hausta
759 1132 832 1174 esse
855 1109 966 1174 lucide
990 1117 1139 1196 apparet.
1186 1109 1402 1176 Verisimilli·

234 1247 329 1289 mum
351 1225 459 1310 igitur
480 1224 617 1290 videtur
640 1226 698 1291 1110
721 1225 908 1292 Diodorum
931 1225 994 1291 hac
1010 1226 1047 1290 in
1062 1226 1141 1291 libri
1156 1232 1253 1311 parte
1268 1233 1403 1292 auctore

234 1362 333 1405 usum
357 1363 439 1408 0000.
467 1377 508 1386 -

700 1524 855 1609 Caput
884 1525 943 1592 ΙΙ.

782 1669 801 1757 ξ
828 1674 855 1738 1.

341 1817 591 1881 Ρο11001100100
625 1839 687 1881 000
721 1815 869 1902 priorem
897 1817 919 1880 1.
946 1816 997 1880 IX
1029 1823 1161 1902 partem
1197 1812 1229 1900 (ξ
1261 1817 1333 1880 1-μ
1350 1813 1403 1898 14)

235 1930 353 2016 fugere
380 1955 449 1997 non
478 1939 603 2017 potest,
637 1932 724 1997 banc
748 1955 767 1996 0
789 1932 919 2017 reliqua
941 1931 1021 1996 libri
1043 1937 1140 2018 parte
1163 1954 1299 2018 prorsus
1324 1933 1404 2004 alie-

233 2070 313 2112 nam
337 2070 419 2113 0000.
466 2049 560 2113 Ηο00
596 2049 687 2113 00110
710 2047 911 2133 fragmenta,
939 2049 1033 2112 nulla
1056 2054 1245 2134 temporum
1268 2047 1399 2112 ratione

235 2163 360 2248 habita,
396 2165 434 2229 in
467 2164 530 2230 bac
565 2187 601 2229 re
626 2165 830 2250 conspirant,
858 2187 963 2228 unum
992 2163 1033 2228 de
1058 2171 1187 2250 septem
1210 2164 1279 2228 illis
1304 2169 1338 2228 01
1361 2163 1403 2228 01)

235 2303 289 2345 100
312 2282 482 2367 praeclare
498 2287 612 2367 gestes
637 2286 671 2346 et
688 2280 730 2346 ob
754 2281 942 2346 sententias
965 2279 1052 2344 bene
1076 2281 1285 2365 excogitatas
1309 2302 1404 2367 prae-

238 2395 353 2462 dicari.
387 2397 556 2462 Diodorus
573 2403 685 2462 eutem
702 2403 865 2482 quantum
882 2419 899 2460 0
915 2395 1118 2482 fragmentis
1143 2395 1259 2480 colligi
1281 2401 1404 2481 potest,

237 2511 459 2578 disertissime
494 2512 535 2578 de
570 2513 623 2578 bis
659 2511 792 2596 fabulis
822 2535 904 2597 quas
932 2533 1106 2595 vocamus,
1131 2511 1404 2576 Romanensibus

236 2629 373 2694 videtur
396 2629 516 2715 egisse.
556 2629 684 2694 Oontra
703 2629 1034 2694 veriabsimillimum
1057 2627 1105 2712 fit,
1129 2627 1306 2713 Ephorum
1321 2627 1405 2692 item

236 2744 424 2810 sedulosius
458 2745 513 2810 bis
548 2767 684 2832 operam
712 2745 846 2810 dedisse
875 2743 1083 2809 commentis.
1130 2744 1205 2808 Hae
1234 2743 1326 2808 enim
1354 2742 1403 2807 fa·

235 2861 335 2926 bulee
358 2861 449 2928 illius
477 2861 687 2948 temporibus
714 2860 867 2925 nondum
890 2861 939 2924 ita
962 2865 1120 2946 acceptae
1143 2859 1201 2923 vel
1223 2859 1404 2945 populares

236 2977 398 3042 videntur
431 2977 545 3044 fuisse.
603 2978 692 3043 Nam
728 2999 844 3043 omnes
884 2998 967 3062 quos
1003 2975 1188 3061 diligenter
1227 2973 1405 3039 Bohrenus

240 3093 295 3174 (cf.
319 3117 352 3182 p.
380 3095 396 3160 1
424 3095 485 3180 sq.)
521 3094 665 3160 contulit
688 3092 729 3158 de
752 3092 815 3156 1100
843 3113 880 3156 10
904 3097 1071 3176 00010100,
1107 3091 1150 3156 ad
1183 3091 1406 3178 posteriorem
1498 3093 1503 3100 ’

237 3217 393 3297 spectant
427 3205 614 3290 0101010011).
661 3211 730 3275 Res
764 3230 864 3295 porro
899 3207 972 3294 ipsa
1006 3215 1136 3293 monet,
1170 3214 1209 3273 ut
1232 3207 1340 3292 magis
1365 3205 1406 3271 de

238 3327 449 3414 pbilosophis
474 3349 655 3412 eorumque
672 3324 893 3390 sectatoribus
911 3324 1108 3409 cogitemus,
1125 3347 1226 3410 quam
1242 3323 1284 3388 de
1299 3323 1406 3388 histo·

237 3442 327 3508 ricis.
374 3444 493 3528 Neque
527 3450 643 3507 tamen
666 3441 837 3529 Ephorus,
869 3447 908 3505 ut
931 3441 999 3505 1001
1022 3463 1123 3528 supra
1147 3440 1305 3523 diximus,
1330 3439 1406 3504 11100

239 3559 418 3646 Sapientes
443 3559 579 3625 silentio
602 3557 789 3645 praeteriit.
826 3557 966 3622 Etenim
990 3557 1080 3621 sicut
1101 3557 1200 3621 Plato
1218 3557 1405 3640 Myscnem,

238 3675 287 3740 sic
311 3675 368 3740 ille
392 3674 447 3756 (cf.
471 3675 583 3740 Laert.
607 3673 707 3758 Diog.
730 3674 758 3758 I,
781 3670 839 3755 41)
862 3672 1077 3738 Anacharsin
1104 3679 1235 3759 septem
1258 3671 1327 3736 illis
1351 3672 1404 3736 in-

240 3891 453 3900 na·—

348 4048 374 4119 1)
398 4048 512 4120 Septem
543 4047 710 4120 Sapientem
743 4044 896 4116 collegium
923 4043 1055 4098 Platonis
1085 4043 1200 4098 demum
1231 4043 1409 4116 temporibus

240 4138 430 4192 constitutum
449 4156 518 4208 0000,
538 4137 614 4208 quod
632 4136 765 4192 Bchreno
786 4132 833 4204 (cf.
852 4134 870 4188 l.
889 4134 907 4187 1.
927 4152 954 4205 p.
974 4133 1019 4204 57)
1039 4133 1134 4188 visum
1153 4139 1205 4202 est,
1224 4133 1304 4187 nullo
1323 4133 1407 4186 modo

240 4233 361 4284 constat.
398 4228 474 4281 Nam
499 4245 535 4280 ex
558 4225 700 4281 Herodoti
723 4223 837 4278 silentio
862 4241 980 4294 prorsus
998 4222 1073 4278 nihil
1091 4223 1282 4294 consequitur.
1319 4221 1406 4275 Modo

239 4317 270 4371 id
288 4335 304 4371 e
321 4315 488 4372 vetustioris
507 4315 611 4370 aetatis
629 4314 767 4369 memoria
786 4313 982 4385 pertractavit,
1002 4313 1077 4384 quod
1095 4331 1154 4367 non
1173 4318 1259 4366 antea
1277 4327 1402 4364 ererum

243 4405 429 4478 scriptoribus
449 4410 617 4460 enarratum
636 4411 706 4460 erat.
733 4402 777 4458 cf.
790 4403 859 4458 Her.
872 4403 922 4472 VI,
935 4404 970 4457 55
988 4394 1021 4455 τὰ
1041 4401 1072 4456 dt
1087 4392 1163 4454 1111οι
1177 4393 1208 4454 οὗ
1222 4391 1401 4466 κατελάβοντο

243 4488 344 4549 τούτων
362 4487 474 4568 μνήμην
493 4487 656 4565 ποιήσομαι.

1634 515 1649 560 4
