3302 4914
772 273 811 340 19

682 363 894 374 ————--·t

204 519 305 584 quam
328 493 371 560 ad
393 493 623 580 legislatorem
645 489 911 556 Atheniensium
934 492 1100 576 spectant,
1125 509 1191 573 quo
1207 485 1372 573 epistulae

205 635 335 698 quoque
358 610 492 697 spuriae
515 607 697 695 pertinent.
744 607 797 670 De
820 605 962 671 Diodori
985 603 1157 670 scribendi
1179 603 1236 669 via
1259 627 1297 668 ac
1320 626 1372 668 ra-

204 729 296 794 tione
319 749 378 814 pro
402 725 578 813 perpaucis
601 721 681 788 libri
703 721 882 788 ruderibus
905 744 975 786 non
999 721 1047 786 ita
1071 726 1200 786 certum
1216 725 1269 784 est
1284 718 1372 784 iudi-

205 844 303 910 cium.
334 842 604 930 Legislationem
627 845 739 904 autem
763 845 843 904 ante
866 838 997 903 fabulas
1021 836 1063 902 de
1086 843 1216 924 septem
1232 835 1372 922 Sapien-

203 960 294 1026 tibus
317 959 455 1025 videtur
478 955 688 1022 enarravisse
712 953 766 1035 (cf.
792 954 893 1040 frgm.
912 956 942 1038 1,
966 955 1001 1018 3:
1027 941 1078 1013 ὅτι
1104 941 1120 1013 ὃ
1145 941 1243 1025 αὐτὸς
1263 942 1374 1013 Σόλων

203 1070 237 1135 ἐν
270 1062 310 1159 cp}
345 1065 527 1154 νομοθεσίᾳ
559 1063 701 1155 μεγάλην
741 1061 838 1144 δόξαν
872 1059 1191 1154 περιποιησάμενος,
1234 1062 1267 1128 ἐν
1300 1067 1374 1142 ταῖς

204 1184 391 1262 ἰδιωτικαῖς
415 1177 562 1266 ὁμιλίαις
585 1209 614 1248 a.
631 1208 660 1248 τ.
677 1183 733 1269 1.).
766 1187 842 1252 Ηο0
865 1208 972 1250 unum
995 1184 1176 1250 admonere
1200 1183 1372 1268 debemus

204 1306 246 1372 de
269 1312 491 1391 tyrannorum
513 1305 586 1370 vita
608 1303 826 1387 moribusque
849 1302 890 1367 ab
915 1301 1092 1386 eclogariis
1125 1301 1213 1365 mala
1237 1299 1375 1365 fortuna

204 1421 292 1486 nihil
315 1428 511 1506 excerptum
534 1441 617 1484 csse.
665 1419 781 1484 Unum
804 1417 1034 1502 fragmentum
1057 1417 1189 1482 utinam
1213 1416 1254 1480 de
1277 1417 1373 1482 Peri-

204 1536 308 1602 andro
332 1542 471 1601 extaret.
505 1535 614 1610 Quam
637 1532 742 1624 facile,
760 1532 924 1598 iudicium
948 1539 1051 1618 esset,
1081 1533 1110 1598 si
1134 1554 1211 1598 cum
1233 1532 1374 1600 Nicolao

202 1653 412 1720 Damascene
437 1649 675 1715 conferremus.
1273 1642 1278 1651 '
1354 1736 1357 1742 Ι

309 1768 352 1832 In
378 1765 591 1831 restituendo
619 1772 733 1832 autem
768 1765 1038 1852 fragmentorum
1073 1764 1191 1830 ordine
1227 1763 1373 1829 editores

204 1883 370 1948 erravisse
393 1881 563 1952 videntur.
603 1883 744 1948 Etenim
767 1881 958 1968 fragmenta
984 1883 1011 1965 1,
1028 1861 1053 1946 4χ
1074 1878 1130 1963 (de
1147 1904 1217 1946 exc.
1236 1881 1278 1946 de
1294 1881 1374 1947 virt.

204 2005 239 2064 et
261 1996 372 2082 vitiis)
396 2005 431 2063 et
454 1999 485 2082 2,
503 1999 523 2062 5
547 1997 602 2079 (de
619 2021 689 2064 exc.
706 1999 893 2082 Vaticanis,
919 1998 960 2064 de
977 1998 1099 2083 quibus
1116 1993 1375 2082 2,1.2.3.4.5)

203 2115 373 2180 artissime
397 2115 487 2179 inter
511 2136 547 2178 se
571 2113 761 2180 cohaerent.
808 2116 897 2180 Nam
919 2115 1109 2199 Diogenes,
1133 2121 1172 2179 ut
1194 2114 1375 2199 Diodorus

204 2254 281 2297 cum
316 2231 451 2297 Solonis
485 2231 619 2316 legibus
652 2230 939 2315 Aristogeitones,
976 2230 1180 2296 Harmodios
1216 2229 1375 2295 educatos
1446 2243 1448 2250 ’

193 2369 277 2442 vesse
301 2355 499 2432 exponeret,
527 2347 678 2433 praemia
701 2347 839 2412 athletis
862 2347 918 2412 vel
942 2347 1164 2411 certaminum
1186 2345 1374 2411 victoribus

203 2463 383 2529 tribuenda
410 2463 451 2529 ab
480 2464 538 2528 1110
568 2463 737 2528 diminuta
764 2487 837 2528 esse
862 2463 959 2529 dixit.
1007 2463 1170 2530 Ordinem
1193 2462 1300 2548 igitur
1324 2461 1374 2528 sic

202 2580 453 2645 restituendum
476 2603 549 2645 esse
572 2586 668 2666 puto:

310 2759 355 2842 ΙΙ,
382 2758 469 2821 1-4
492 2755 548 2841 (de
571 2760 653 2823 Exc.
671 2755 778 2840 Vat.);
802 2757 848 2842 Π,
874 2759 894 2822 5
918 2757 974 2843 (de
997 2759 1158 2844 Excerpt.
1174 2753 1282 2841 Vat.);

190 2970 194 2980 1
310 2875 337 2958 Ι,
361 2873 384 2937 4
407 2873 461 2954 (de
484 2875 643 2960 Excerpt.
668 2874 710 2939 de
733 2875 812 2940 virt.
838 2881 872 2938 et
894 2873 1013 2954 vitiis).

205 3049 327 3135 Inepta
349 3056 462 3114 autem
486 3060 520 3115 et
544 3051 688 3118 absurda
710 3053 793 3118 haec
817 3060 868 3118 est
892 3053 1085 3139 explanatio
1093 3048 1117 3132 l)
1145 3059 1180 3117 et
1202 3052 1376 3118 rhetorum

114 3242 117 3248 Ι
204 3165 335 3230 redolet
365 3189 473 3230 usum.
520 3168 637 3251 Neque
667 3191 749 3233 vero
772 3170 993 3234 Plutarchum
1016 3170 1141 3250 (Solon.
1167 3164 1223 3252 23)
1248 3169 1375 3256 optimo

205 3305 286 3346 usus
314 3288 449 3346 auctore
477 3282 519 3346 de
547 3284 706 3369 praemiis
736 3309 755 3349 a
779 3287 901 3351 Solone
934 3286 1113 3350 diminutis
1142 3285 1210 3349 illis
1239 3285 1373 3370 quidem

206 3397 265 3461 sed
300 3398 466 3463 institulis
501 3399 705 3483 cogitavisse
739 3401 814 3464 luce
849 3401 970 3465 clarius
1007 3409 1068 3466 est.
1121 3386 1212 3477 Quid
1247 3401 1375 3464 multa?

206 3512 487 3599 Fragmentum2
511 3515 553 3579 ab
577 3515 713 3600 Ephoro
738 3517 886 3580 alienum
910 3539 982 3581 esse
1007 3517 1293 3582 verisimillimum
1315 3523 1375 3580 est.

206 3625 319 3712 Atque
341 3632 425 3696 haec
448 3630 642 3716 fragmenta
665 3633 707 3716 (1,
723 3632 758 3714 43
781 3633 811 3716 2,
829 3632 863 3714 5)
887 3655 964 3698 oum
980 3633 1021 3698 ob
1037 3634 1149 3699 locum
1165 3655 1230 3718 quo
1247 3639 1375 3715 extant,

207 3749 280 3806 tum
303 3745 344 3810 ob
367 3754 615 3834 argumentum,
640 3748 677 3812 in
701 3770 767 3833 quo
791 3755 980 3834 versantur,
1005 3749 1104 3814 futile
1128 3749 1214 3813 illud
1237 3747 1377 3833 quidem

206 3965 417 3976 -Ὰ

314 4090 342 4155 1)
361 4089 466 4144 Theod.
490 4093 585 4164 Bergk
615 4093 706 4164 (Post.
726 4095 794 4165 Lyr.
815 4095 863 4150 Gr.
887 4095 967 4150 0114
990 4095 1046 4149 vol.
1066 4095 1096 4149 II
1115 4115 1141 4166 p.
1161 4095 1196 4148 60
1215 4094 1301 4166 frgm.
1320 4094 1376 4161 44).

206 4177 327 4232 Diodori
345 4179 441 4233 locum
460 4199 475 4234 e
494 4183 606 4237 Solonis
625 4184 718 4255 elegia
736 4185 858 4256 petitum
877 4203 939 4239 esse
957 4184 1087 4239 coniecit.
1117 4185 1180 4238 Hac
1193 4184 1275 4238 illum
1288 4184 1378 4238 nimia

207 4268 277 4321 artis
287 4269 486 4340 gymnasticae
497 4272 592 4326 studia
602 4273 710 4344 pariter
720 4275 914 4346 exagitavisse
923 4280 971 4344 atq
976 4293 1010 4327 ue
1020 4271 1376 4345 Xerrophanem(frgnr.2).

207 4355 357 4413 Plutarchi
376 4366 473 4414 autem
492 4361 581 4430 locuS,
600 4381 684 4432 quem
705 4363 830 4419 conferri
848 4364 935 4434 iubet,
955 4363 1028 4423 nihil
1047 4365 1084 4418 ad
1102 4365 1157 4418 hoc
1175 4363 1288 4417 attinet.
1325 4363 1377 4416 At·

209 4461 262 4515 que
281 4465 327 4502 me
346 4448 439 4506 iudice
457 4449 534 4506 inter
553 4451 687 4508 Solonem
706 4460 735 4509 et
753 4454 963 4525 Xenophanem
982 4453 1091 4525 aliquid
1109 4453 1237 4509 interest.

1182 4560 1217 4616 2*
