3302 4914
614 829 986 925 Theses.

718 1069 878 1087 ‘vvvfi‘vvvv

324 1295 352 1358 1.
399 1291 593 1357 Herodotus
617 1290 656 1374 (I,
673 1290 715 1353 59
732 1264 813 1373 sq),
828 1309 904 1352 cum
928 1285 1045 1352 Croesi
1068 1285 1197 1350 exitum
1219 1291 1381 1368 narraret,

215 1409 392 1475 historiam
416 1408 457 1474 (16
480 1407 661 1471 Pisistrato
689 1403 868 1469 inserendo
892 1402 1086 1488 significare
1109 1400 1220 1466 noluit
1247 1390 1385 1465 tertiam

217 1525 287 1590 eius
317 1521 537 1610 tyrannidem
560 1521 688 1587 eisdem
715 1518 938 1606 temporibus,
970 1517 1092 1603 quibus
1121 1516 1243 1582 Sardes
1267 1521 1385 1603 captae

215 1646 309 1724 sunt,
342 1637 546 1723 constitisse,
579 1637 639 1703 sed
667 1635 895 1702 narrationem
923 1634 965 1699 de
989 1634 1062 1698 eius
1086 1632 1319 1699 dominatione
1343 1630 1386 1697 ad

214 1755 320 1819 finem
342 1752 510 1840 perduxit.

323 1889 353 1952 2.
401 1887 616 1974 Opusculum,
642 1885 731 1972 quod
754 1885 963 1969 inscribitur,
988 1883 1030 1949 de
1046 1883 1262 1969 malignitate
1278 1883 1386 1948 Herc·

218 2001 300 2088 doti,
323 2026 392 2068 non
414 2004 463 2068 ita
486 2003 653 2067 insulsum
668 2001 755 2068 illud
771 2001 908 2088 quidem
924 2008 959 2066 et
974 2000 1160 2084 inficetum,
1176 2006 1216 2064 ut
1231 1999 1387 2066 nonnulli

217 2124 403 2204 autumant,
428 2119 616 2204 genuinum
638 2117 814 2184 Plutarchi
838 2123 899 2183 est.

324 2253 355 2316 3.
401 2253 456 2316 Ex
482 2251 595 2317 verbis
622 2252 797 2318 Plutarchi
827 2251 881 2333 (de
905 2251 982 2316 mal.
1008 2250 1090 2316 Her.
1114 2272 1141 2316 c.
1167 2251 1220 2335 21,
1245 2247 1280 2334 2)
1308 2243 1387 2334 περὶ

219 2348 263 2427 ὧν
286 2360 320 2426 ἐν
343 2355 456 2440 ἅλλοις
479 2356 706 2453 ἀκριβέστερον
722 2361 905 2452 γέγραπται
929 2368 1022 2432 nullo
1047 2373 1145 2453 paeto
1170 2366 1388 2452 consequitur

218 2490 387 2548 auctorem
424 2483 534 2548 libelli
571 2483 640 2550 iam
677 2492 778 2550 antea
814 2484 911 2550 libris
951 2481 1204 2549 conscribendis
1251 2504 1388 2569 operam

217 2597 361 2664 dedisse.

323 2733 355 2796 4.
400 2733 583 2819 Pompeius
607 2733 740 2820 Trogus
764 2731 899 2816 (lustin.
923 2733 978 2818 43,
1002 2734 1032 2817 3,
1055 2732 1097 2817 9),
1122 2754 1199 2796 cum
1222 2731 1387 2797 narratio-

216 2870 295 2912 nem
319 2846 361 2912 de
383 2849 537 2913 Massilia
560 2847 697 2914 condita
719 2849 761 2914 de
784 2857 919 2916 auctore
942 2848 1057 2913 nescio
1086 2869 1152 2934 quo
1176 2848 1305 2914 Graece
1330 2848 1388 2913 de-

215 2970 398 3050 promeret,
432 2985 559 3028 nomen
593 2964 684 3030 filiae
718 2966 810 3051 regis
840 2964 1085 3050 Segobrionum
1110 2965 1139 3030 G
1146 2964 1261 3050 yptis
1289 2964 1388 3030 modo

216 3081 347 3144 litteras
372 3081 517 3145 Graecas
541 3081 629 3144 male
652 3081 858 3168 intellegens
881 3103 942 3168 pro
965 3080 1119 3164 nomine,
1144 3079 1233 3165 quod
1256 3079 1388 3145 Aristo-

216 3196 301 3260 teles
326 3194 535 3275 (Athenaeus
559 3196 651 3260 ΧΙΠ
673 3219 705 3283 p.
730 3194 810 3279 576)
835 3196 981 3281 exhibet,
1006 3197 1126 3261 Petta
1147 3195 1271 3284 posuit.

324 3330 354 3395 5.
400 3329 618 3416 Praeceptori
640 3352 762 3416 pueros
786 3330 965 3396 historiam
986 3329 1123 3394 docenti
1139 3351 1272 3416 semper
1288 3351 1388 3393 aurea

217 3447 320 3512 verba
344 3443 490 3512 Gcethei
514 3444 724 3511 observanda
748 3457 841 3510 sunt:
876 3446 946 3510 Das
974 3446 1092 3528 Beste,
1127 3466 1197 3508 was
1230 3444 1293 3509 wir
1320 3467 1389 3510 von

220 3558 279 3624 der
300 3559 506 3628 Geschichte
528 3559 649 3645 haben,
674 3561 721 3625 ist
741 3560 801 3625 der
815 3559 1090 3644 Enthusiasmus,
1114 3558 1181 3624 den
1197 3559 1247 3624 sie
1263 3566 1387 3646 erregt.
