3302 4914
836 271 855 336 7

259 489 372 553 minus
396 511 495 574 quam
519 488 578 553 alii
599 509 713 552 rerum
736 487 917 574 scriptores
932 485 1104 551 Phalarim
1121 487 1217 572 quasi
1233 488 1426 574 exemplum

260 604 486 692 depinxerunt
508 603 648 690 tyranni
672 603 898 668 crudelissimi
922 608 1022 688 atque
1047 603 1298 669 immanissimi.
1337 603 1425 681 Qua-

260 743 335 786 cum
359 721 558 786 crudelitate
582 741 647 804 quo
670 719 769 784 modo
794 719 952 804 congruit
974 719 1113 784 virtutis
1140 720 1200 784 illa
1222 721 1316 784 laus?
1361 721 1425 785 Po·

234 910 238 918 Ι
258 843 370 902 1001110
398 837 493 920 ferri,
526 859 545 900 0
567 841 713 920 tyranno
736 842 807 900 tam
831 842 946 922 aperte
970 835 1197 900 subiectorum
1221 835 1425 902 seditionem

258 947 472 1032 concitari?¹)
510 953 631 1017 Nonne
653 951 876 1035 haerebimus
902 951 991 1037 quod
1013 950 1141 1038 Aesopi
1163 974 1288 1017 nomen
1311 952 1426 1020 fabula

257 1069 482 1153 subsequitur,
499 1091 598 1154 quam
613 1074 737 1134 vocant
752 1067 955 1154 Aesopiam?
972 1067 1115 1132 Constat
1134 1067 1225 1133 enim
1240 1069 1426 1154 posteriore

258 1190 368 1249 aetate
391 1184 567 1270 ingentem
590 1185 627 1248 in
650 1184 823 1271 Aesopum
853 1205 1032 1248 numerum
1055 1191 1321 1250 commentorum
1346 1208 1424 1250 con-

257 1304 391 1384 gestum
415 1322 496 1365 esse.
504 1295 529 1379 2)
565 1301 653 1364 Item
676 1299 846 1365 Diodorus
869 1299 1028 1364 hocloco
1051 1305 1159 1364 totam
1182 1299 1259 1364 huis
1282 1301 1350 1366 viri
1373 1302 1425 1366 in-

257 1415 366 1480 dolem
396 1415 532 1480 videtur
561 1416 765 1500 exposuisse.
816 1415 885 1481 Sed
918 1417 1033 1479 tamen
1068 1437 1144 1479 curn
1178 1416 1327 1482 Diodoro
1363 1417 1426 1483 hoc
1511 1409 1513 1414 ¹

256 1531 373 1598 eodem
397 1533 469 1597 loco
493 1530 684 1595 Phalaridis
709 1529 895 1597 dominatio
920 1531 1107 1596 enarranda
1131 1538 1215 1615 erat,
1241 1539 1315 1597 tum
1338 1533 1425 1598 hanc

255 1648 404 1713 fabulam
432 1647 475 1710 ad
502 1648 594 1711 illius
624 1649 752 1712 exitum
781 1654 932 1733 spectare
963 1648 1045 1711 satis
1073 1649 1250 1734 perspicua
1277 1650 1426 1735 produnt

253 1763 412 1850 vestigia.
437 1761 490 1843 (of.
509 1763 739 1848 epitomatoris
756 1764 1023 1828 annotationem:
1049 1753 1093 1837 ὡς
1117 1757 1299 1847 ys‘ypurrrec
1323 1759 1356 1824 ἐν
1372 1765 1424 1846 τῷ

255 1872 333 1961 περὶ
369 1875 523 1963 διαδοχῆς
545 1873 732 1962 βασιλέων.)
783 1881 873 1946 Satis
902 1887 1015 1944 autem
1050 1881 1223 1965 eleganter
1256 1880 1424 1961 Diodorus

225 2044 230 2055 .
255 1994 342 2060 hanc
366 1994 514 2059 fabulam
538 2002 717 2058 annectere
740 1997 854 2082 potuit
877 1995 920 2059 ad
942 1995 1070 2082 Aesopi
1098 1996 1218 2078 vitam,
1254 2002 1294 2060 ut
1322 2019 1423 2082 appa-

254 2118 353 2194 reret,
379 2117 544 2195 quantum
567 2111 639 2174 eius
662 2109 795 2176 fabulae
818 2113 981 2195 valerent,
1007 2134 1091 2196 quae
1108 2113 1164 2176 vel
1180 2111 1223 2176 ad
1238 2118 1424 2198 tyrannum

255 2224 491 2312 expellendum
514 2227 605 2290 cives
630 2227 844 2292 excitassent.
891 2228 1005 2312 Atque
1034 2228 1246 2293 Stesichorus
1276 2228 1423 2292 similem

254 2340 296 2406 de
319 2342 378 2407 illo
402 2349 548 2427 tyranno
572 2343 715 2441 protulit
737 2342 897 2418 fabulam,
920 2344 1117 2430 priusquam
1140 2345 1198 2408 ille
1222 2344 1421 2410 Himeraeos

253 2457 461 2524 subiecisset.
520 2458 731 2544 Quapropter
763 2459 892 2540 nescio,
928 2482 972 2524 an
1006 2461 1143 2543 scitum,
1178 2467 1217 2524 ut
1250 2461 1421 2546 vulgatur,

252 2574 387 2661 Aesopo
421 2573 641 2638 tribuendum
680 2575 725 2639 sit
764 2575 905 2640 articulo
945 2577 1136 2662 praeposito
1170 2565 1210 2658 [ὁ]
1251 2565 1348 2650 αὐτὸς
1377 2571 1421 2642 δὲ.

252 2691 295 2754 111
318 2690 471 2777 proximo
494 2689 687 2775 fragmento
695 2685 721 2773 3)
745 2688 814 2773 (30)
846 2729 887 2736 -
917 2692 1134 2777 subsequitur
1157 2699 1271 2756 autem
1293 2693 1357 2758 hoc
1385 2693 1423 2757 in

253 2807 473 2893 palimpsesto
508 2806 597 2890 quod
630 2829 791 2872 vocamus
825 2808 992 2873 Vaticano
1030 2807 1261 2893 fragmentum
1296 2811 1339 2873 28
1379 2846 1420 2854 —-

254 2921 422 2987 Diodorus
445 2920 619 3010 Aesopum
641 2923 697 2990 vel
719 2924 832 3010 potius
856 2947 947 3008 eum,
982 2923 1040 3010 qui
1063 2923 1213 2990 fabulam
1236 2924 1421 3012 Aesopiam

253 3163 466 3172 -———-——-

361 3357 387 3428 1)
406 3357 497 3412 Miror
520 3358 596 3429 quod
618 3357 665 3413 hic
684 3359 823 3431 apologus
841 3377 934 3430 neque
952 3358 1091 3413 Adolfum
1109 3359 1198 3412 Holm
1218 3357 1332 3429 (Gesch.
1352 3359 1421 3414 Sici-

253 3448 325 3503 110110
343 3447 384 3524 im
402 3449 506 3503 Altert.
525 3447 644 3520 Leipzig
663 3449 765 3518 18101
783 3469 809 3520 p.
832 3447 893 3518 151)
913 3465 1005 3519 neque
1023 3449 1184 3503 Prellerum
1207 3446 1248 3515 (in
1266 3448 1343 3520 Allg.
1362 3449 1419 3503 En·

255 3538 434 3608 cyclopaedie
454 3539 496 3592 ed.
515 3537 608 3592 Erech
626 3544 655 3593 et
676 3539 787 3593 Gruber
804 3557 832 3593 v.
852 3539 886 3592 21
906 3539 942 3605 (1.
962 3536 1050 3608 Serie)
1070 3557 1097 3608 p.
1116 3539 1169 3592 432
1187 3535 1347 3592 offenderit.

359 3681 482 3750 0)(1111.
506 3682 594 3736 Henr.
621 3681 758 3736 Grauert:
789 3683 833 3736 De
856 3681 969 3751 Aesopo
1000 3686 1029 3736 et
1060 3679 1164 3736 fabulis
1191 3679 1324 3752 Aesopiis
1355 3680 1421 3736 diss

255 3766 374 3824 Bonnae
393 3771 462 3825 1825
480 3789 507 3842 p.
527 3772 570 3826 63.

361 3910 389 3981 3)
407 3913 487 3966 Nihil
510 3913 587 3968 enim
606 3912 772 3968 offensionis
790 3915 890 3982 habet,
914 3913 1014 3968 eodem
1032 3913 1197 3984 fragmento
1217 3910 1273 3982 (28)
1293 3911 1422 3967 diversas

253 4000 368 4070 Aesopo
396 4001 531 4057 substitui
558 4003 680 4057 fabulas.
719 4003 825 4059 Confer
850 4003 940 4072 enim,
966 4021 1052 4074 quam
1071 4003 1195 4056 multum
1214 4001 1373 4072 eclogarius
1392 4001 1423 4056 in

253 4108 344 4143 unum
364 4090 399 4144 de
419 4088 538 4146 Chilone
557 4091 595 4163 (9)
615 4097 782 4164 excerptum
801 4091 1052 4163 conglutinaverit.
1099 4090 1139 4144 At
1167 4090 1321 4158 disiunxit,
1350 4108 1423 4161 quae

253 4177 397 4232 artissime
415 4178 491 4232 inter
510 4197 540 4235 se
559 4182 713 4236 cohaerent
732 4180 778 4251 (28
797 4181 897 4251 0130).
925 4180 1095 4252 Saepissime
1108 4185 1205 4234 autem
1218 4179 1422 4251 epitomatores

253 4265 283 4321 in
302 4272 431 4322 extremo
450 4267 614 4340 fragmento
633 4289 739 4325 novam
758 4270 869 4324 addunt
894 4288 963 4338 rem,
992 4288 1064 4340 quae
1090 4269 1120 4323 in
1148 4269 1278 4340 sequenti
1306 4270 1422 4323 demum

253 4375 339 4427 porro
357 4363 508 4413 tractatur.
546 4361 609 4414 Hoc
628 4366 760 4430 apertum
779 4365 822 4414 est
841 4377 856 4413 0
874 4360 978 4430 fragm.
998 4361 1023 4428 3,
1043 4360 1150 4426 2013,
1178 4358 1209 4412 in
1234 4357 1336 4428 quibus
1359 4375 1421 4412 010-

254 4447 349 4501 culum
369 4447 544 4505 disiunctum
563 4449 715 4506 exhibetur
734 4468 751 4504 0
769 4448 941 4503 narratione.
962 4447 1008 4518 (cf.
1027 4448 1062 4502 fr.
1078 4449 1149 4517 11,2
1167 4447 1262 4517 0112.)
