3302 4914
806 355 826 420 5

708 446 920 454 --——-—————--

230 574 331 640 huius
354 573 444 660 apud
466 573 563 652 illum
579 569 736 657 vestigia.
769 570 909 635 Etenim
924 567 1157 654 Anarcharsis,
1174 569 1266 654 Bias,
1284 569 1397 655 Solon,

230 690 383 756 Pittacus
406 689 554 754 Diodoro
578 693 712 753 auctore
736 686 908 752 intersunt
932 685 1124 751 conventui.
1166 684 1249 764 Quis
1273 685 1398 750 diiudi-

231 829 305 872 care
328 805 460 890 audeat,
483 803 697 870 Diodorusne
721 809 848 868 eeteros
872 802 1042 889 sapientes
1066 801 1219 866 omiserit
1247 824 1291 866 an
1311 802 1398 866 eclo-

229 922 364 1008 garins?
410 922 485 986 Hoc
508 918 694 984 tenendum
718 925 783 1004 est,
807 918 993 984 Diodorum
1016 918 1129 1004 ipsum
1153 917 1295 982 Thalem
1319 939 1398 984 con·

230 1039 318 1104 66116
341 1038 443 1122 idque
466 1035 603 1122 Ephoro
627 1042 762 1101 auctore
791 1034 954 1100 omisisse.
1011 1035 1099 1099 Nam
1133 1033 1190 1098 hie
1225 1027 1398 1113 Thaleml)

230 1177 250 1218 a
273 1158 444 1218 conventu
467 1151 667 1239 Sapientum
691 1150 781 1238 apud
810 1150 971 1216 Croesum
998 1149 1114 1214 habito
1149 1147 1289 1213 seclusit
1323 1145 1397 1233 (cfr.

230 1271 342 1335 Laert.
371 1269 515 1354 Diogen.
547 1268 574 1352 Ι,
598 1268 643 1332 40
677 1259 766 1352 πλὴν
797 1261 930 1348 Θαλοῦ).
988 1263 1103 1350 Atque
1136 1270 1176 1329 ut
1207 1264 1245 1328 in
1271 1264 1334 1329 hac
1361 1287 1398 1328 re

221 1383 398 1454 Diodorus
420 1384 597 1471 Ephorum
625 1389 759 1449 secutus
788 1403 860 1446 esse
882 1380 1053 1464 videatur,
1083 1381 1132 1444 ita
1154 1378 1399 1444 Anacharsidis

231 1500 399 1565 orationes
433 1500 525 1565 hunc
558 1499 757 1586 respiciunt.
807 1497 871 1562 1116
895 1497 987 1562 enim
1009 1496 1051 1560 ab
1074 1490 1244 1582 Ephoro2)
1268 1502 1399 1582 septem

152 1648 154 1651 ·
230 1615 430 1702 Sapientum
454 1615 492 1680 in
514 1637 654 1680 numero
678 1613 829 1697 habitus,
865 1612 906 1678 ab
936 1612 1055 1678 eodem
1079 1612 1219 1676 summis
1242 1610 1399 1677 laudibus

230 1731 339 1796 elatus
374 1735 435 1794 est.
495 1730 618 1796 Totum
646 1731 752 1816 igitur
780 1729 1011 1814 fragmentum
1034 1751 1075 1794 ex
1098 1727 1235 1814 Ephoro
1260 1727 1399 1794 ductum

230 1869 303 1911 esse
326 1845 613 1912 verisimillimum
637 1852 698 1911 est.

334 1961 450 2046 Atque
474 1968 547 2027 tota
574 1961 616 2027 de
640 1961 758 2028 Croesi
780 1961 853 2026 vita
875 1960 1023 2026 narratio
1046 1967 1085 2026 ut
1109 1959 1299 2026 conectitur
1322 1982 1400 2026 cum

229 2076 292 2143 hac
326 2077 453 2162 fabula,
490 2077 539 2142 ita
573 2077 718 2142 eundem
746 2077 903 2142 habuisse
930 2076 1067 2141 videtur
1094 2075 1233 2142 fontem.
1280 2077 1399 2162 Neque

229 2216 306 2258 cum
329 2193 393 2258 hae
416 2193 576 2279 opinione
598 2199 768 2281 repugnat
790 2194 973 2279 insequens
1002 2191 1043 2256 de
1066 2191 1201 2280 Aesopo
1230 2215 1398 2258 commen-

230 2314 304 2372 tum
327 2305 407 2391 (28).
439 2309 649 2394 Quemquam
673 2309 861 2375 certissima
881 2309 940 2400 illa
955 2309 1165 2394 documenta,
1191 2332 1275 2394 quae
1290 2310 1397 2375 multo

230 2432 309 2490 ante
331 2424 519 2490 Alexandri
546 2425 665 2512 Magni
692 2431 839 2491 aetatem
868 2425 909 2490 de
933 2425 1061 2512 Aesopi
1085 2447 1161 2490 cum
1184 2431 1314 2512 septem
1338 2425 1397 2492 Sa-

229 2540 403 2626 pientibus
426 2543 483 2606 vel
500 2543 622 2609 Croeso
647 2542 892 2608 consuetudine
914 2564 987 2606 sese
1005 2541 1173 2606 detexisse
1191 2541 1397 2608 (1111616116-

229 2679 286 2720 rus
294 2651 320 2739 1)
344 2657 425 2722 olim
448 2657 593 2744 putavit,
618 2658 661 2723 ad
684 2657 819 2723 irritum
843 2658 1048 2722 ceciderunt.
1095 2655 1204 2741 Atqui
1231 2656 1295 2722 hoc
1318 2679 1397 2722 con-

231 2771 419 2838 cedendum
443 2780 504 2858 est,
528 2772 617 2839 nihil
641 2797 659 2839 e
683 2773 885 2861 scriptorum
908 2773 1043 2838 silentio
1068 2772 1185 2858 colligi
1206 2795 1315 2859 posse.

337 2888 405 2954 Sed
420 2891 618 2975 priusquam
640 2890 903 2976 progrediamur,
928 2889 1103 2976 paululum
1123 2888 1345 2954 subsistamus
1361 2888 1399 2954 in

231 3007 380 3069 extremo
408 3004 599 3090 fragmento
627 3004 710 3091 (28);
745 2995 859 3079 Αὐτὸς
887 2999 923 3066 δὲ
950 2997 1193 3082 πεπλασμένως
1220 2997 1308 3086 11616
1340 2997 1399 3090 τὴν

229 3111 289 3196 μὲν
304 3111 395 3204 νίκην
410 3109 509 3204 ἀρετῇ
524 3114 581 3180 καὶ
598 3110 634 3182 οὗ
651 3114 876 3206 πολοπληθίᾳ
894 3110 1040 3204 ἀνδρῶν
1062 3113 1243 3202 γίγνεσθαι.
1275 3122 1397 3186 Narra-

229 3241 327 3301 verat
350 3241 463 3302 autem
485 3235 613 3322 Aesopi
640 3236 749 3302 facete
778 3236 921 3302 dictum:
957 3225 1001 3310 ὡς
1024 3225 1142 3321 ιἥκιστα
1166 3225 1188 3320 ἢ
1211 3225 1255 3310 ὡς
1279 3224 1397 3321 ἥδιστα

230 3351 389 3432 συμβιοῦν
411 3351 483 3426 τοῖς
505 3344 678 3426 τοιούτοις
693 3350 838 3436 (scilicet
861 3343 1057 3431 δυνάσταις).
1088 3353 1165 3417 Duo
1188 3351 1289 3417 huius
1313 3352 1399 3418 scita

229 3469 322 3534 nullo
345 3474 444 3554 pacto
468 3468 559 3532 inter
582 3489 655 3532 sese
679 3468 856 3533 cohaerere
876 3475 1030 3554 apertum
1054 3473 1114 3533 est.
1149 3468 1200 3535 Ob
1217 3468 1254 3533 id
1269 3469 1313 3533 H.
1330 3490 1397 3534 van

231 3679 441 3692 -——-—--.-

338 3837 365 3908 1)
384 3839 503 3894 Thalem
522 3857 573 3893 cur
590 3838 724 3910 Ephorus
743 3838 773 3892 in
792 3843 967 3894 conventum
985 3857 1044 3894 non
1063 3839 1225 3912 recepisset,
1239 3857 1305 3892 eum
1318 3838 1398 3908 alios,

230 3931 294 3980 tum
313 3925 466 3982 Aemilium
483 3929 649 3984 Bohrenum
669 3926 714 3996 (de
724 3934 834 3999 septem
847 3929 1030 4000 Sapientibus
1044 3928 1109 3985 diss.
1125 3930 1216 3983 Bonn.
1232 3929 1300 3982 1867
1313 3947 1340 3999 p.
1351 3927 1397 3998 57)

230 4015 341 4085 fugisse
364 4015 459 4069 miror.
500 4017 543 4072 De
562 4018 681 4072 Thalete
699 4017 812 4071 rettulit
830 4018 926 4072 Laert.
946 4017 1066 4089 Diogen.
1086 4018 1109 4086 Ι,
1128 4018 1175 4072 25:
1204 4023 1327 4088 Κροίσου
1345 4009 1398 4086 γὰρ

230 4108 430 4176 πέμψαντος
442 4098 511 4175 πρὸς
524 4110 679 4172 Μιλησίους
692 4109 738 4159 ἐπὶ
752 4113 908 4178 συμμαχίᾳ,
923 4101 1064 4160 ἐκώλυσεν.
1090 4106 1221 4178 Apparet
1234 4105 1309 4161 enim
1322 4105 1399 4159 hunc

229 4193 323 4247 locum
342 4192 453 4264 Ephori
470 4193 641 4266 fragmentis
660 4196 884 4251 adiudicandum
902 4215 972 4251 esse.

336 4319 364 4390 2)
385 4317 428 4373 Cf.
454 4318 550 4372 116111.
573 4319 658 4391 Diog.
677 4321 700 4391 Ι,
718 4322 766 4376 411
791 4310 911 4392 Ἔφορος
935 4320 966 4374 (li
991 4314 1050 4373 rimi
1075 4314 1214 4380 Μύσωνος
1234 4313 1399 4390 Ἀνάχαρσιν

232 4405 300 4476 (scil.
320 4404 458 4478 ἐγκρίνει).

338 4533 365 4603 3)
384 4534 431 4588 Κ1.
451 4533 597 4590 Schriften
616 4553 668 4588 zur
686 4553 728 4606 gr.
747 4535 1005 4606 Litteraturgesch.
1026 4535 1057 4590 II
1074 4554 1101 4606 p.
1120 4536 1181 4590 228.
