3302 4914
816 335 861 400 40

734 425 947 433 *-

255 547 520 615 Atheniensium
543 548 658 615 fuisse.
705 550 779 616 Hoc
803 549 983 618 Udalricus
1008 550 1049 616 de
1071 549 1424 620 Wilamowitz-Moel·

255 659 427 749 lendors1)
451 665 550 730 novis
578 667 789 752 argumentis
818 667 929 732 allatis
958 668 1126 734 stabilivit
1153 692 1191 735 ac
1214 667 1425 756 Meinh01d2)

258 783 362 848 etiam
385 781 609 847 confirmavit.
655 783 768 847 Hodie
792 805 872 868 ergo
896 783 1051 850 dubitare
1073 809 1174 852 nemo
1196 791 1318 873 potest,
1343 789 1427 873 quin

256 898 399 964 Salamis
422 897 687 963 Atheniensium
712 898 829 962 demus
852 921 921 964 non
945 899 1057 967 fuerit.
1099 902 1279 980 Quaeritur
1302 909 1423 987 autem,

255 1013 338 1100 quid
370 1003 401 1074 oi
430 1003 536 1096 κύριοι
569 1011 627 1074 rod
660 1005 904 1092 πολιτεύματος
939 1015 1029 1102 apud
1062 1019 1284 1086 Plutarchum
1318 1019 1424 1104 signi·

254 1130 368 1195 ficent.
414 1129 529 1196 Unum
554 1134 647 1194 extat
670 1128 886 1217 Asclepiadis
909 1131 1152 1218 testimonium,
1176 1135 1319 1200 Pindari
1340 1143 1425 1201 tem-

254 1245 393 1334 poribus
421 1245 592 1332 agripetas
621 1243 886 1311 Atheniensium
915 1245 952 1310 in
980 1246 1092 1312 insula
1115 1249 1285 1316 Salamine
1308 1250 1425 1318 fuisse.

254 1362 329 1428 Hoc
353 1367 466 1426 autem
489 1361 631 1426 minoris
655 1363 819 1427 momenti
843 1385 916 1427 esse
938 1368 1035 1450 puto,
1069 1363 1160 1448 quod
1186 1363 1426 1452 Asclepiadem

255 1477 300 1544 ad
310 1478 421 1543 locum
433 1476 575 1542 Pindari
592 1475 702 1561 (Nem.
716 1474 925 1563 11‚20)saus
939 1479 1118 1545 obscurum
1131 1479 1424 1566 interpretandum

255 1593 354 1659 modo
379 1593 572 1659 coniectura
595 1615 694 1658 usum
718 1616 791 1658 esse
813 1595 1101 1660 verisimillimum
1129 1601 1190 1660 est.
1236 1596 1324 1660 Nam
1356 1597 1425 1661 iam

254 1709 563 1776 Alexandrinorum
591 1708 782 1774 doctissimi
804 1710 889 1794 viri,
926 1733 991 1795 quo
1019 1711 1119 1777 modo
1149 1713 1254 1778 Solon
1281 1712 1426 1777 insulam

256 1826 428 1892 subactam
452 1824 694 1909 constituisset,
719 1823 882 1890 videntur
896 1825 1092 1892 nescivisse.
1124 1828 1199 1893 Hoc
1215 1828 1297 1894 satis
1313 1827 1425 1892 lucide

255 1948 395 2030 apparet
405 1965 423 2007 6
432 1941 536 2007 variis
548 1941 887 2028 interpretationibus
899 1941 966 2006 loci
976 1936 1172 2025 Pindarei³)
1186 1939 1346 2027 (Nemll,
1356 1943 1425 2022 20):

260 2047 305 2122 Oi·
321 2047 424 2137 ,161νᾶ
442 2050 590 2137 Σαλαμίς
606 2076 640 2139 γε
655 2051 785 2142 θρέψαι
803 2056 899 2142 φῶτα
914 2048 1072 2137 proxumis.
1101 2057 1425 2144 UnusAsclepiades

256 2387 414 2444 scheinlioh
437 2387 489 2442 hat
517 2404 547 2442 cs
571 2385 734 2441 immersort
758 2386 788 2440 in
814 2386 907 2440 einem
927 2385 1051 2440 anderen
1071 2385 1240 2439 Verhaltnis
1259 2384 1427 2456 gastandan,

256 2479 298 2533 als
317 2478 368 2532 der
386 2477 560 2549 cigentliche
578 2477 693 2544 Demea,
723 2475 839 2530 obwohl
856 2475 985 2530 nachher
1003 2474 1055 2529 das
1073 2474 1149 2529 volle
1167 2474 1362 2546 Biirgerrecht
1382 2473 1427 2528 die

255 2567 427 2622 Salaminier
445 2567 576 2623 erhalten
594 2567 697 2621 haben.

364 2673 391 2746 1)
410 2675 533 2730 Hermes
551 2674 620 2740 ΧΠ,
639 2693 666 2746 p.
685 2674 739 2728 342
758 2691 799 2744 sq.
818 2671 1132 2743 Thukydideslegende.

364 2781 393 2854 2)
412 2782 561 2837 Meinhold
574 2782 706 2836 derebus
719 2780 884 2835 Salaminiis
895 2780 961 2835 dise.
972 2779 1158 2851 Konigsberg
1169 2780 1246 2849 1879,
1266 2798 1293 2851 p.
1312 2780 1427 2834 20-22.

363 2888 392 2962 3)
411 2890 597 2944 Aristarchus
616 2888 767 2960 perspicuo
791 2905 887 2942 errore
911 2887 1013 2941 ductus
1038 2886 1169 2941 detribu
1198 2878 1281 2956 (φυλὴ
1301 2885 1427 2956 Αἰαντίς)

258 2979 406 3052 cogitavit.
435 2980 578 3049 Didymus
598 2979 732 3050 opinatus
751 2982 803 3046 est,
824 2969 865 3028 ὅτι
881 2981 919 3034 εἰς
933 2980 1039 3028 Αἴαντα
1060 2969 1175 3047 ἀνέφερε
1194 2968 1317 3044 τὸγένος
1336 2967 1428 3046 ὥσπερ

256 3074 304 3122 καὶ
323 3063 480 3134 Μιλτιάδης
499 3073 545 3120 καὶ
564 3075 664 3140 Κίμων
688 3071 735 3119 καὶ
754 3059 923 3133 Ἀλκιβιάδης
946 3070 993 3118 καὶ
1021 3058 1225 3131 6611611111)ςό
1250 3057 1429 3135 συγγραφεὺς

257 3152 408 3228 ὁὈλὸρου.
446 3159 529 3227 Quod
547 3158 594 3212 1116
613 3157 708 3211 166616
728 3175 766 3210 an
789 3155 902 3225 dixerit,
931 3174 996 3210 cum
1025 3155 1102 3210 haud
1129 3155 1286 3226 ignoraret,
1313 3160 1428 3226 praeter

256 3247 450 3320 Eurysacidas
468 3254 497 3303 et
517 3247 665 3302 Philaidas
683 3246 774 3301 fuisse
797 3251 906 3317 gentse,
934 3263 1007 3316 quae
1025 3244 1144 3300 Aiacem
1164 3245 1313 3299 coluerunt
1332 3244 1427 3316 gentis

258 3345 412 3394 auctorem.
449 3337 548 3408 Neque
567 3336 644 3392 enim
662 3353 781 3408 possum
800 3336 872 3390 mihi
891 3335 1071 3407 persuadere,
1090 3353 1107 3388 a
1119 3334 1246 3405 Didymo
1264 3334 1429 3405 neglectum

258 3446 333 3497 esse,
362 3425 437 3498 quod
464 3431 530 3497 post
557 3443 715 3498 perpaucos
738 3443 839 3480 versus
868 3431 967 3498 aperte
990 3424 1130 3496 scriptum
1149 3423 1289 3493 11161116,
1309 3440 1324 3476 6
1342 3429 1429 3494 gente

257 3515 520 3571 Timodemidarum
538 3515 628 3570 fuisse
646 3515 827 3570 Timonoum.
869 3516 934 3570 Hoc
957 3514 1020 3569 fieri
1038 3513 1168 3586 potuisse
1187 3532 1223 3568 ex
1241 3511 1429 3583 inscriptione

258 3611 385 3678 apparet,
413 3623 499 3675 quam
518 3605 646 3658 Kochler
674 3602 890 3674 (Mitteilungen
919 3605 968 3658 des
996 3603 1137 3658 archaeol.
1157 3602 1253 3656 Instit.
1273 3620 1309 3654 zu
1330 3601 1429 3656 Athen

257 3697 314 3751 vol.
324 3696 375 3764 IV,
393 3713 420 3766 p.
433 3695 499 3749 265:
518 3694 689 3749 Salaminier
707 3695 760 3748 auf
775 3691 964 3763 Inschriften)
981 3693 1089 3765 publici
1107 3691 1178 3745 iuris
1196 3690 1273 3745 fecit.
1299 3683 1336 3742 Τὸ
1351 3695 1430 3760 γένος

258 3785 311 3838 τῶν
329 3788 517 3856 Σαλαμινίων,
537 3789 570 3837 11
589 3789 666 3837 16616
685 3781 813 3838 Κ6611161
830 3783 912 3853 vidit,
932 3789 983 3837 aut
996 3787 1098 3853 gentes
1116 3781 1181 3834 illas
1193 3779 1359 3834 notissimas
1379 3786 1429 3834 aut

258 3875 428 3946 complureS,
448 3891 519 3944 quas
545 3873 697 3942 nescimus,
717 3873 845 3927 continet
874 3871 902 3942 (l.
922 3873 939 3926 l.
960 3892 987 3943 p.
1007 3869 1079 3941 266).
1117 3871 1150 3926 Ε.
1169 3869 1295 3941 Didymo
1314 3871 1429 3924 Plutar-

259 3965 338 4032 61116,
357 3981 430 4034 quae
449 3963 484 4018 dc
503 3968 569 4017 ortu
588 3967 617 4017 et
636 3979 740 4033 genere
759 3961 872 4016 Solonis
892 3961 926 4029 (c.
947 3959 973 4032 1)
993 3959 1122 4032 protulit,
1142 3959 1248 4013 hausit.
1277 3960 1320 4013 Ac
1332 3957 1428 4013 nescio

259 4073 296 4108 an
315 4054 370 4107 hac
389 4054 424 4107 (16
443 4070 530 4106 66166
548 4052 622 4106 nihil
641 4052 675 4106 (16
695 4051 867 4122 cognomine
890 4049 1040 4105 Salaminii
1063 4049 1140 4121 apud
1158 4049 1236 4104 hunc
1254 4054 1340 4103 extet.
1378 4045 1429 4101 Oe-

252 4142 536 4213 Ι161111111161616,
556 4141 610 4196 etsi
630 4143 730 4196 demus
749 4140 810 4195 eius
829 4145 1078 4208 commemoratur,
1103 4145 1202 4193 tamen
1221 4139 1350 4210 agripeta
1368 4153 1429 4191 6666

257 4231 360 4304 potuit.
398 4231 588 4301 6136161611,
616 4230 802 4285 16666161166
827 4229 1025 4285 Atheniennes
1044 4248 1081 4283 au
1100 4229 1117 4282 5
1136 4229 1201 4283 614
1219 4227 1303 4282 siecle
1331 4225 1428 4293 (Mem.

258 4321 332 4394 pree.
352 4341 410 4394 par.
440 4321 496 4376 div.
516 4339 576 4378 sav.
597 4320 701 4376 tl’Ae.
722 4323 748 4375 d.
767 4321 795 4376 J.
815 4319 841 4374 dt
859 4321 892 4374 Β.
911 4319 944 4374 L.
973 4319 1079 4375 Iserie
1099 4321 1122 4388 1,
1151 4319 1203 4386 IX,
1230 4336 1255 4388 p.
1275 4317 1336 4385 349,
1356 4317 1428 4383 350).

258 4413 323 4468 Hoc
342 4418 448 4480 autem,
466 4411 495 4468 ni
518 4412 612 4481 fallor,
631 4411 667 4466 U.
682 4412 716 4466 de
729 4409 1134 4466 Wilamowitz-Moellendorf
1143 4408 1220 4461 hunc
1233 4407 1327 4460 locum
1340 4405 1428 4460 inter-

258 4508 389 4574 pretatus
408 4503 543 4572 (Hermes
562 4502 659 4559 XIII.
679 4502 697 4556 l.
716 4521 743 4574 p.
763 4502 825 4572 342)
845 4499 981 4574 neglexit.
