3302 4914
828 264 871 330 50

746 355 957 363 n———--

265 478 354 544 bello
378 501 470 544 sacro
494 477 644 564 gerendo
667 478 736 544 dux
758 502 828 545 non
851 479 960 546 factus
985 486 1083 546 esset.
1114 479 1166 547 Ac
1187 482 1217 547 si
1237 506 1299 570 per
1319 483 1436 553 decem

265 617 372 660 annos
396 595 454 660 ille
477 593 721 681 rempublicam
745 596 979 681 constituerat,
1010 619 1048 662 eo
1076 597 1196 662 maiori
1219 599 1437 670 admirationi

265 711 383 776 amicis
407 710 513 776 fuisse
537 715 801 776 consentaneum
825 718 885 796 est,
910 713 1001 798 quod
1025 714 1187 800 posthoc
1210 717 1436 801 spatiumim·

264 829 396 914 perium
420 827 578 914 deposuit
600 850 711 912 neque
735 828 955 912 tyrannidem
978 829 1167 915 occupauit.
1203 831 1275 896 Iam
1299 833 1329 898 si
1353 835 1436 920 quid

263 945 378 1030 video,
408 968 426 1008 e
450 943 637 1008 carminum
660 941 862 1028 fragmentis
886 951 1025 1031 apparet
1048 944 1154 1010 fuisse
1182 951 1332 1033 tempuS,
1368 973 1435 1035 quo

264 1061 367 1126 Solon
394 1059 660 1125 Atheniensium
688 1060 932 1146 rempublicam
959 1083 1078 1126 revera
1106 1084 1125 1126 6
1153 1084 1189 1126 66
1213 1065 1435 1132 constitutam

264 1200 337 1241 esse
365 1176 546 1241 arbitratus
575 1183 636 1241 661.
683 1177 758 1241 Η66
782 1181 895 1242 61116111
918 1175 992 1240 fieri
1015 1199 1084 1242 non
1106 1177 1233 1263 potuit,
1263 1178 1293 1242 si
1317 1181 1434 1248 statim

263 1299 341 1377 post
363 1293 457 1378 leges
481 1291 587 1357 factas
605 1290 695 1375 (593)
712 1291 948 1377 peregrinatus
966 1299 1063 1358 esset.
1096 1293 1187 1370 Quid
1202 1317 1283 1360 vero
1299 1297 1431 1384 mirum,

262 1408 352 1494 quod
379 1409 437 1472 1116
465 1407 637 1494 republica
665 1413 763 1472 aucta
791 1415 825 1473 et
854 1407 1005 1472 stabilita
1021 1431 1174 1495 peregre
1202 1410 1307 1476 abiit?
1352 1413 1431 1478 Plu-

262 1525 398 1590 tarchus
416 1524 562 1608 denique
578 1529 669 1588 recte
686 1524 829 1588 alterum
846 1523 1081 1589 insiurandum
1096 1525 1234 1591 videtur
1249 1527 1428 1593 rettulisse.

262 1643 379 1726 Neque
408 1640 499 1704 enim
522 1639 750 1704 Athenienses
778 1645 855 1726 post
885 1639 1001 1704 decem
1028 1641 1104 1704 illos
1132 1664 1238 1706 annos
1266 1641 1426 1726 religione

262 1756 394 1821 astricti
429 1761 538 1840 erant,
577 1761 616 1820 ut
650 1756 742 1840 leges
778 1762 961 1820 servarent.
1023 1756 1144 1840 Itaque
1183 1757 1286 1822 Solon
1325 1758 1427 1824 611616

262 1870 477 1936 iureiurando
513 1870 701 1956 efflagitato
737 1871 864 1956 sanxit,
899 1878 937 1935 ut
967 1871 1061 1956 leges
1094 1871 1131 1935 in
1160 1879 1295 1938 centum
1324 1896 1429 1939 anuos

261 1993 354 2052 ratae
378 1993 500 2052 essent.
532 1987 601 2051 Res
626 1993 797 2075 utcunque
821 2010 856 2052 66
879 1986 991 2071 habet,
1015 2009 1075 2072 pro
1100 1995 1190 2052 certo
1214 1988 1283 2053 dici
1306 1996 1429 2076 potest,

261 2105 419 2170 Solonem
444 2126 485 2168 ex
508 2102 632 2168 itinere
655 2125 724 2168 non
739 2103 789 2167 ita
804 2104 910 2167 multo
927 2109 1006 2167 ante
1021 2102 1196 2168 Pisistrati
1211 2105 1429 2190 tyrannidem

259 2221 403 2306 primam
439 2218 590 2284 rediisse.
646 2220 721 2284 Hoc
751 2218 842 2283 enim
870 2241 940 2282 non
967 2198 1080 2283 minus
1113 2228 1255 2306 apparet
1284 2224 1325 2286 ex
1353 2245 1428 2288 auc·

259 2342 372 2400 torum
395 2335 531 2399 silentio
556 2334 597 2398 de
620 2333 730 2418 1611116,
755 2357 837 2419 quas
861 2335 919 2398 ille
941 2340 1018 2420 post
1041 2335 1134 2418 leges
1152 2336 1306 2401 conditas
1323 2360 1430 2422 usque

260 2451 303 2516 ad
325 2450 498 2515 Pisistrati
521 2450 739 2534 tyrannidem
763 2456 923 2536 gesserat,
948 2472 1048 2534 quam
1072 2473 1090 2514 e
1110 2449 1235 2513 diserto
1250 2451 1428 2514 Plutarchi

258 2567 456 2632 testimonio
484 2589 585 2650 supra
617 2566 732 2651 611616,
768 2566 859 2651 quod
887 2566 944 2629 ille
971 2566 1080 2630 redux
1102 2565 1211 2629 factus
1234 2569 1343 2628 aetate
1366 2563 1424 2628 ad-

258 2682 396 2748 modum
418 2689 599 2770 provectus
623 2680 698 2746 fuit.

365 2799 473 2864 Venio
497 2799 539 2862 ad
562 2798 702 2864 tertium
729 2799 804 2863 iter.
851 2797 1015 2863 Videmus
1040 2804 1153 2863 autem
1176 2797 1239 2862 hoc
1262 2795 1425 2862 traditum

258 2914 347 3000 apud
370 2914 561 3000 Diogenem
591 2915 684 2996 (150
705 2913 766 2999 sq.)
797 2919 832 2978 61
860 2913 999 2978 Suidam
1028 2915 1072 2995 (v.
1095 2909 1222 2995 Solon).
1272 2913 1425 2997 Uterque

258 3037 371 3095 autem
394 3030 523 3095 adhoc
546 3031 612 3094 iter
634 3031 780 3114 rettulit,
817 3052 901 3114 quae
924 3029 1127 3094 Plutarchus
1156 3029 1197 3092 de
1221 3029 1327 3092 altero
1350 3033 1428 3113 post

256 3147 350 3232 leges
385 3146 538 3210 conditas
574 3152 729 3232 suscepto
761 3145 911 3210 tradidit.
970 3145 1089 3230 Neque
1125 3142 1320 3226 defuerunt,
1357 3143 1424 3228 qui,

257 3285 334 3328 oum
358 3263 516 3328 Solonem
539 3261 718 3327 Pisistrato
741 3266 887 3346 tyranno
911 3259 1059 3326 Athenis
1088 3258 1229 3323 cessisse
1257 3258 1423 3338 viderent,

256 3379 372 3463 inepte
397 3377 646 3460 concluderent,
680 3377 776 3441 illum
800 3376 841 3442 ab
865 3377 989 3442 hocin
1013 3376 1153 3440 exilium
1175 3375 1317 3439 missum
1341 3393 1422 3436 esse.

255 3494 359 3560 Velut
382 3494 538 3560 Valerius
566 3493 734 3556 Maximus
764 3494 816 3578 (V,
841 3495 861 3556 3
886 3494 927 3557 de
950 3493 1052 3578 ingr.)
1089 3493 1247 3558 Solonem
1276 3513 1293 3554 e
1316 3485 1427 3574 patria

255 3609 437 3696 profugum
460 3609 497 3672 111
520 3609 632 3672 11161116
655 3609 770 3695 Cypro
800 3609 891 3673 diem
920 3631 1115 3696 supremum
1143 3607 1253 3672 obisse
1282 3602 1425 3670 rettulit.

254 3725 307 3789 Ac
333 3725 399 3790 Dio
429 3724 690 3809 Chrysostomus
723 3726 782 3804 (or.
808 3726 851 3790 37
882 3721 960 3806 §6)
988 3723 1155 3805 narravit,
1192 3721 1351 3787 Solonem
1383 3717 1428 3786 ad

254 3939 467 3948 ..-——-.....-.-..

253 4079 341 4149 Diels,
370 4075 1003 4151 0111666168.[1616166611111161111161161161
1031 4074 1087 4130 Rh.
1114 4074 1189 4130 Mus.
1217 4091 1244 4129 v.
1264 4072 1308 4143 31,
1336 4090 1363 4142 p.
1383 4067 1424 4136 13,

255 4171 296 4238 14,
316 4170 357 4222 15.
392 4169 457 4223 Η66
474 4176 572 4224 61116111
591 4171 653 4223 1666
672 4168 808 4238 Diodoro,
829 4185 893 4221 cum
914 4185 1022 4220 annum
1044 4166 1096 4220 421
1117 4184 1132 4220 6
1151 4163 1258 4218 tabulis
1278 4157 1425 4216 chronolo-

253 4257 325 4328 gicis
343 4258 480 4329 hauriret,
501 4264 533 4312 ut
551 4258 737 4313 intervallum
756 4257 832 4312 inter
850 4256 985 4310 Solonem
1002 4260 1031 4310 61
1043 4255 1218 4310 Ι)16661116111
1237 4248 1424 4322 significaret,

253 4347 386 4402 Solonem
404 4367 430 4402 6.
450 4348 563 4402 circiter
580 4348 632 4400 461
652 4346 743 4400 fuisse
762 4346 823 4403 sive
842 4345 919 4416 quod
937 4363 1046 4400 annum
1061 4341 1228 4398 memoriter
1246 4336 1346 4393 attulit
1364 4335 1427 4394 sive

253 4443 398 4492 auctorem
417 4437 514 4492 nescio
534 4455 618 4507 quem
637 4434 797 4505 (Ephorum
815 4433 839 4506 2)
858 4441 982 4505 secutus,
1002 4433 1113 4490 statuit.
