3302 4914
834 365 854 428 6

737 455 949 463 μη*-

258 571 498 657 Herwerdsn1)
523 579 729 644 sententiam
751 579 788 644 in
812 587 961 646 extremo
985 562 1176 668 fragmento
1192 583 1259 662 (28)
1276 583 1320 648 ad
1335 583 1425 670 frag·

258 699 412 758 mentum
435 695 478 758 30
501 694 671 780 pertinere
695 695 851 762 coniecit.
896 698 939 762 In
965 697 1029 763 hoc
1058 699 1150 763 enim
1172 698 1326 764 Phalaris
1350 723 1427 766 cum

258 832 419 896 magnum
447 810 675 876 columbarum
702 835 826 899 agmen
852 835 959 879 unum
989 815 1187 901 accipitrem
1215 814 1350 900 fugiens
1374 817 1426 882 vi-

260 927 376 1011 disset,
394 927 596 992 exclamasse
612 934 781 994 narratur:
796 917 922 1013 εΟροῖτε,
941 912 968 990 ὦ
983 917 1104 1015 ἄνδρες,
1121 931 1259 993 τοοοῦτο
1279 929 1424 1018 πλῆθος,

258 1032 307 1127 ὑφ
323 1034 393 1116 ἑνὸς
409 1034 616 1122 διωκόμενον.
639 1032 734 1104 Ἐπεί
749 1065 802 1106 τοι
819 1065 854 1126 γε
869 1037 1066 1132 τολμήσειαν
1086 1035 1347 1132 ὑποστρέψαι,
1366 1050 1424 1132 ῥᾳ-

259 1151 338 1232 δίως
353 1158 412 1220 τοῦ
430 1150 606 1232 διώκοντος
622 1154 855 1244 περιγένοιντο.
880 1162 955 1228 Ηοο
971 1164 1043 1228 loco
1059 1162 1115 1228 Vir
1131 1163 1249 1228 doctus
1266 1164 1423 1230 inseruit:

261 1263 361 1348 αὐτὸς
384 1269 419 1335 δὲ
442 1269 685 1354 πεπλασμένως
708 1297 737 1336 a.
761 1296 789 1337 τ.
815 1273 843 1338 λ.
878 1279 973 1344 Haec
996 1278 1101 1344 verba
1124 1277 1266 1344 fortasse
1289 1289 1426 1367 propter

258 1390 405 1455 similem
427 1391 541 1457 ultimi
563 1392 720 1458 vocabuli
743 1392 885 1458 formam
908 1401 985 1480 post
1007 1388 1230 1480 περιγένοιντο
1248 1397 1424 1483 excidisse,

258 1529 278 1570 a
299 1505 437 1571 librario
462 1529 608 1572 errorem
632 1508 822 1594 corrigente
845 1511 882 1575 in
905 1511 1059 1596 margine
1082 1511 1261 1597 adscripta,
1285 1534 1365 1576 mox
1388 1514 1425 1578 in

259 1622 465 1709 apographo*
481 1623 591 1688 alieno
618 1624 692 1689 loco
720 1648 793 1691 esse
820 1633 965 1714 recepta.
1015 1629 1114 1693 Hanc
1142 1628 1200 1692 ille
1230 1627 1425 1714 opinionem

258 1738 296 1803 L.
326 1738 503 1805 Dindorfio
531 1739 687 1826 probavit
715 1739 770 1820 (cf.
800 1742 843 1808 ad
869 1744 981 1808 locum
1003 1745 1070 1810 vol.
1093 1745 1129 1808 H
1157 1767 1190 1830 p.
1217 1741 1303 1827 157).
1350 1746 1425 1810 Hoc

259 1878 462 1941 quamquam
489 1855 564 1921 fieri
591 1857 703 1942 potuit
733 1863 767 1922 et
796 1859 928 1945 saepius
956 1859 1041 1924 tales
1070 1881 1198 1924 errores
1228 1860 1266 1924 in
1294 1859 1425 1926 codices

259 1970 321 2036 hoc
356 1972 455 2037 modo
490 1973 666 2059 irrepsisse
702 1972 793 2038 haud
826 1975 1035 2060 ignoramus,
1075 1981 1189 2040 tamen
1223 1974 1277 2039 his
1312 1976 1426 2041 verbis

260 2088 477 2174 transpositis
512 2089 696 2154 difficultas
730 2113 799 2156 non
833 2091 973 2156 tollitur.
1025 2090 1194 2156 Diodorus
1231 2091 1322 2156 enim
1357 2113 1426 2156 non

367 2387 393 2460 1)
412 2389 599 2461 Spicilegium
623 2390 796 2446 Vaticanum
820 2391 970 2446 continens
992 2410 1057 2447 nov.
1077 2393 1141 2446 lect.
1165 2391 1195 2445 in
1214 2391 1291 2446 Hist.
1311 2393 1360 2446 Gr.
1381 2410 1426 2446 ex-

259 2484 390 2551 carpta..
403 2521 426 2533 ..
446 2479 560 2550 scripsit
573 2480 610 2533 H.
624 2497 682 2536 van
695 2480 885 2536 Herwerden:
904 2480 1040 2552 Lugduni
1058 2483 1236 2536 Batavorum
1256 2481 1325 2536 1860
1342 2501 1369 2553 p.
1383 2484 1426 2536 27.

259 2570 324 2622 Hoc
342 2567 373 2622 in
391 2567 464 2622 libro
483 2568 529 2623 vir
548 2557 649 2623 doc'tus
667 2570 810 2640 permulta
828 2569 901 2624 vitia
919 2569 949 2624 in
962 2570 1008 2623 his
1021 2569 1128 2641 eclogia
1141 2569 1293 2624 emendare
1306 2570 1426 2641 studuit,

259 2659 315 2713 alia
333 2656 511 2712 emendanda
528 2658 690 2729 proposuit3
709 2658 759 2712 sed
778 2659 891 2730 saepius
910 2659 1118 2732 eclogariorum
1138 2677 1225 2730 quam
1243 2659 1427 2714 librariorum

259 2765 369 2803 errores
388 2745 509 2803 notavit.
547 2748 610 2802 Hos
630 2753 727 2802 autem
745 2748 921 2803 retineamus
939 2767 1054 2804 necesse
1072 2754 1129 2818 est,
1155 2767 1220 2802 cum
1239 2767 1274 2803 ex
1293 2749 1339 2803 his
1357 2749 1427 2820 ipsis

259 2837 372 2908 saepius
396 2836 552 2909 genuinam
575 2837 694 2892 Diodori
721 2837 863 2892 rationem
890 2838 1104 2910 perspiciamus
1142 2838 1229 2892 Velut
1249 2839 1427 2893 Herwerden

259 2927 290 2982 in
308 2929 473 2998 fragmento
492 2927 527 2980 25
556 2956 588 2964 -
617 2926 716 2982 fabula
739 2931 837 2981 autem
860 2927 936 2982 inest
955 2928 989 2981 de
1009 2926 1106 2981 Croesi
1125 2926 1307 2998 expeditione
1326 2933 1427 2982 contra

259 3017 408 3072 insulanos
421 3021 523 3087 parata
538 3033 616 3070 -ex
629 3016 724 3071 verbis
733 3015 764 3070 in
773 3015 867 3071 medio
878 3016 1043 3087 fragmento
1053 3015 1154 3088 positis
1165 3009 1197 3080 „d
1217 3015 1248 3068 δὲ
1263 3008 1427 3082 Πίπακοςῆ

260 3099 274 3158 ὁ
299 3111 370 3164 Βίας
396 3097 557 3172 ὑπολιεβών“
584 3105 702 3160 foedum
730 3105 959 3160 additamentum
987 3111 1123 3163 Πίττακος
1150 3094 1167 3171 δ
1194 3106 1311 3160 exulare
1338 3106 1426 3162 iubet.

260 3196 340 3263 Quae
362 3196 451 3251 verba
474 3213 648 3266 quamquam
670 3194 701 3248 in
725 3195 821 3250 codice
844 3200 873 3249 et
891 3196 925 3248 A.
944 3194 1022 3250 Maio
1042 3199 1071 3249 et
1089 3195 1285 3250 Herwerdeno
1304 3195 1427 3251 testibus

258 3285 404 3355 leguntur,
433 3303 450 3339 a
473 3284 506 3338 L.
529 3284 688 3354 Dindorfi0,
717 3285 766 3355 qui
790 3285 932 3340 rationem
957 3285 1145 3338 Herwcrdeni
1171 3285 1234 3339 aliis
1256 3285 1327 3339 locis
1351 3290 1428 3340 recte

258 3373 373 3429 notavit
393 3373 435 3444 (Il
452 3393 479 3445 p.
499 3373 575 3444 XV),
595 3379 692 3429 amota
710 3379 786 3428 sunt.
823 3375 899 3429 Nam
917 3374 952 3429 de
970 3374 1087 3444 Biante,
1106 3392 1165 3429 non
1184 3373 1219 3430 de
1237 3373 1352 3430 Pittaco
1371 3392 1427 3429 ser·

258 3481 374 3518 monem
402 3480 463 3518 esse
489 3481 504 3517 e
526 3463 761 3535 praecedentibus
789 3463 860 3518 satis
885 3463 1002 3534 liquere.
1041 3463 1148 3519 Confer
1170 3469 1268 3518 autem
1286 3463 1428 3519 Herodoti

259 3553 295 3608 de
314 3553 414 3608 eadem
432 3552 532 3608 fabula
549 3553 745 3608 narrationem
765 3552 797 3623 (I,
811 3555 854 3623 57,
868 3554 885 3608 3
898 3553 940 3611 ed.
955 3552 1059 3624 Stein):
1079 3556 1107 3606 οἱ
1124 3553 1178 3625 μὲν
1197 3557 1303 3604 Βίαντα
1316 3556 1427 3621 λέγουσι

258 3635 306 3695 τὸν
334 3646 456 3712 Πριηνέα
486 3635 657 3713 ἀπικόμενον
685 3643 711 3700 ἐς
739 3635 852 3713 Σάρδις,
881 3645 910 3694 οἱ
937 3641 968 3695 δὲ
992 3649 1132 3695 Πίττακον
1158 3633 1206 3693 τὸν
1229 3645 1426 3708 Μυτιληναῖον,

260 3726 404 3803 εἰρόμενον
423 3735 490 3784 εἴτι
510 3735 550 3798 εἴη
569 3724 702 3801 νεώτερον
720 3750 743 3784 κ.
763 3751 784 3784 τ.
804 3735 826 3783 l.
864 3733 928 3787 Hoc
947 3750 962 3786 e
984 3732 1047 3786 loco
1066 3731 1237 3802 perspicitur
1266 3749 1283 3784 a
1301 3731 1427 3786 Diodoro

259 3821 320 3893 ipso
339 3827 494 3891 utrumque
512 3821 633 3875 allatum
651 3838 721 3874 esse.
757 3820 805 3874 An
823 3820 969 3892 probabile
987 3820 1030 3889 fit,
1055 3820 1091 3874 ab
1110 3819 1260 3891 eclogariis
1279 3821 1316 3875 ad
1333 3821 1427 3876 locum

258 3909 400 3965 Herodoti
418 3909 637 3980 respicientibus
655 3909 726 3964 haec
744 3910 834 3965 verba
853 3900 880 3978 (ἢ
894 3908 1039 3980 Πίπακος)
1053 3908 1152 3963 addita
1165 3908 1244 3964 esse?
1271 3909 1327 3977 Qui
1341 3927 1427 3981 quam

259 3999 367 4071 stupidi
385 3997 502 4066 fuerint,
521 4004 640 4070 apparet
658 3998 688 4053 in
707 4005 835 4053 extremo
854 3997 1018 4068 fragmento
1038 3996 1103 4067 (25),
1122 3997 1154 4052 in
1173 4016 1229 4069 quo
1246 4016 1283 4054 ne
1295 3999 1428 4053 Herwer-

259 4088 349 4145 denus
368 4087 482 4158 quidem
495 4087 600 4143 vitium
613 4087 734 4142 notavit.
760 4086 806 4141 Sic
818 4086 895 4142 enim
908 4090 989 4141 extat
1006 4085 1046 4141 ibi
1065 4086 1163 4142 Croesi
1181 4087 1290 4160 opinio:
1309 4080 1427 4158 τῶνγὰρ

259 4177 365 4232 Λυδῶν
379 4170 507 4230 ἱππεὺειν
520 4171 641 4241 εἰδότων,
662 4170 769 4248 ἐνόμιζε
783 4180 927 4246 προτερεῖν
946 4168 1044 4235 αὐτοὺς
1062 4175 1135 4250 πεζῇ.
1162 4177 1254 4244 Quid?
1267 4175 1427 4248 pedestrine

259 4267 387 4322 exercitu
404 4266 530 4321 insulani
550 4265 655 4322 Croeso
673 4265 897 4337 praestiterunt?
927 4265 1033 4321 Immo!
1052 4285 1168 4338 pugnae
1186 4266 1299 4322 navalis
1322 4265 1427 4320 insula·

259 4374 312 4410 nos
334 4355 523 4427 peritissimos
547 4373 609 4410 esse
631 4355 700 4410 Bias
724 4355 880 4411 contendit.
919 4355 992 4429 Πεζῇ
1017 4355 1107 4428 igitur
1125 4362 1176 4411 aut
1201 4355 1236 4409 ab
1261 4360 1427 4426 excerptore

258 4462 409 4516 perperam
431 4464 483 4516 pro
507 4445 619 4518 ναυτικῇ
644 4445 859 4517 scriptumest,
883 4452 934 4501 aut
952 4453 1015 4501 tota
1034 4446 1178 4501 conclusio
1198 4442 1427 4498 additamentum

259 4540 303 4589 est
321 4534 464 4607 eclogarii.
501 4536 531 4590 Is
550 4534 687 4591 nimirum
705 4535 834 4608 putabat,
854 4555 919 4592 cum
937 4536 1081 4608 equitibus
1100 4531 1259 4604 comparari
1278 4530 1396 4602 pedites
