3302 4914
768 279 980 382 AO&

288 513 326 559 66
350 491 513 581 ineptum,
538 501 709 561 auctorem
733 497 939 584 significant,
964 501 1024 586 qui
1047 501 1156 588 magis
1173 501 1298 570 fabulis
1315 529 1353 572 ac
1369 529 1458 574 com-

287 611 412 676 mentis
437 633 573 698 operam
598 612 702 677 dedit.

392 736 465 800 lam
489 758 569 800 vero
594 736 716 823 fabula,
743 761 843 823 quam
867 740 996 826 dicunt,
1020 743 1246 810 Romanensis
1267 745 1309 810 de
1325 748 1457 834 tripode

286 851 431 916 eundem
454 852 594 938 respicit
617 861 797 919 auctorem.
842 855 982 920 Etenim
1007 859 1129 924 Graeci
1153 860 1235 924 66116
1258 864 1456 930 recentioris

285 967 406 1031 aetatis
435 989 508 1031 6611
536 967 572 1032 11
602 968 733 1033 deliciis
761 969 924 1034 videntur
951 971 1120 1039 habuisse.
1167 977 1215 1041 Et
1237 975 1343 1042 fuisse
1366 978 1457 1044 inter

285 1081 438 1168 singulas
462 1083 621 1148 civitates
644 1106 803 1168 magnam
827 1083 868 1148 de
892 1085 950 1150 illo
974 1089 1227 1156 contentionem
1251 1094 1332 1159 satis
1356 1096 1466 1159 multi

284 1203 435 1262 auctores
465 1206 718 1264 enarraverunt.
766 1201 833 1265 Suo
861 1223 1012 1286 quaeque
1041 1202 1123 1286 civi,
1160 1207 1218 1289 qui
1253 1209 1290 1274 in
1325 1216 1454 1297 septem

283 1313 484 1399 Sapientum
506 1338 647 1381 numero
664 1316 800 1381 habitus
822 1323 903 1401 6161,
928 1316 1090 1382 honorem
1106 1339 1144 1381 66
1160 1319 1304 1402 gloriam
1321 1326 1453 1412 661161-

282 1428 409 1494 tissimi
443 1429 477 1494 et
511 1431 754 1496 modestissimi
790 1432 939 1498 tribuere
974 1430 1091 1498 sedulo
1126 1433 1266 1500 studuit.
1320 1439 1455 1514 Quanta

282 1545 436 1645 ambiti0,
473 1547 563 1632 quod
597 1548 809 1633 principatus
845 1547 996 1624 studium
1025 1549 1162 1614 Graecis
1191 1550 1287 1634 quasi
1310 1551 1453 1618 insitum

281 1661 340 1745 sit,
369 1662 444 1746 quis
473 1669 539 1747 est,
568 1664 627 1748 qui
655 1663 799 1747 ignoret.
847 1663 1015 1728 Civitates
1051 1666 1257 1730 Graecorum
1292 1666 1452 1750 quamdiu

280 1775 468 1842 floruerunt
491 1801 529 1842 66
552 1779 749 1864 viguerunt,
773 1778 836 1843 hoc
860 1779 1011 1843 studium
1035 1781 1183 1866 optimus
1208 1782 1350 1868 quisque
1371 1783 1450 1848 6611-

279 1915 335 1956 616
358 1894 469 1978 161111
493 1893 689 1958 6166116111
711 1893 857 1980 publicis
880 1895 1050 1961 laboribus
1075 1903 1109 1960 61
1131 1894 1297 1982 operibus.
1331 1897 1449 1963 Liber-

280 2013 350 2072 tate
374 2015 489 2095 erepta
512 2032 589 2074 cum
612 2032 730 2074 omnes
753 2010 835 2076 boni
856 2011 1062 2098 erepublica
1078 2012 1227 2098 gerenda
1241 2013 1449 2098 recederent,

280 2146 394 2189 eorum
422 2125 536 2190 studia
563 2125 600 2190 in
628 2127 843 2212 antiquitatis
871 2128 1068 2192 memoriam
1096 2127 1325 2213 indagandam
1353 2128 1454 2192 effen.

278 2239 471 2305 vescebant.
505 2242 676 2307 Nimirum
701 2243 792 2307 enim
816 2243 883 2308 viri
906 2243 1036 2329 patriae
1060 2249 1212 2308 amantes
1237 2243 1449 2328 splendorem

279 2378 317 2420 66
340 2357 484 2440 gloriam
512 2364 703 2444 temporum
731 2359 990 2444 praeteritorum
1025 2381 1104 2422 suae
1139 2359 1281 2443 quisque
1317 2359 1450 2424 civitati

278 2472 428 2536 tribuere
456 2474 596 2538 studuit.
643 2473 759 2538 Rebus
787 2473 829 2538 ab
857 2473 1052 2538 Alexandro
1076 2474 1200 2557 Magno
1227 2473 1314 2538 bene
1343 2475 1449 2560 gestis

280 2611 345 2674 quo
368 2589 478 2675 magis
508 2589 647 2654 evanuit
674 2589 842 2653 libertatis
871 2611 961 2674 6166,
997 2611 1035 2654 66
1071 2588 1259 2653 6611166116
1293 2588 1448 2654 homines

278 2705 421 2790 ingenui
444 2691 507 2769 his
523 2727 659 2791 operam
683 2705 804 2770 dedere
830 2704 962 2770 studiis
1008 2705 1061 2768 Ea
1088 2703 1194 2788 igitur
1221 2711 1344 2789 aetate,
1382 2727 1448 2789 qua

278 2815 544 2906 Megarenses1),
574 2821 758 2905 Corinthii,
794 2820 929 2885 Boeotii
963 2842 1039 2884 cum
1074 2820 1173 2920 11161,
1199 2842 1235 2884 66
1269 2827 1343 2884 tum
1371 2843 1447 2886 cum

278 2937 546 3002 Atheniensibus
580 2959 649 3002 non
676 2937 789 3000 minus
817 2935 936 3000 acerbe
959 2958 1019 3022 per
1046 2935 1191 3020 litteras,
1229 2957 1329 3020 quam
1365 2937 1467 3001 olim·

276 3075 338 3138 per
372 3053 442 3117 vim
480 3053 653 3117 certabant
688 3052 730 3116 de
764 3052 929 3117 maiorum
963 3051 1085 3136 gloria,
1120 3050 1184 3115 hac
1218 3050 1336 3116 eadem
1371 3050 1446 3117 dico

276 3174 387 3233 aetate
422 3167 536 3232 fabula
570 3168 629 3232 illa
664 3174 780 3232 exorta
813 3166 950 3232 videtur
978 3189 1050 3231 esse
1080 3166 1121 3230 de
1144 3167 1289 3252 tripode.
1338 3167 1444 3244 Quam
1534 3243 1538 3249 ¹
1624 3149 1625 3174 ³

277 3283 425 3348 fabulam
461 3290 543 3368 quot
576 3305 689 3347 rerum
724 3283 904 3370 scriptores
939 3289 973 3348 et
1000 3283 1214 3347 narraverint
1242 3288 1277 3347 et
1305 3303 1443 3348 exorna·

276 3399 400 3483 verint,
426 3423 443 3463 6
467 3399 571 3464 variis
594 3399 801 3485 perspicitur
824 3398 957 3464 fabulae
981 3398 1108 3464 formis.
1149 3399 1273 3464 Totum
1296 3418 1376 3463 vero
1401 3397 1443 3462 de

275 3514 409 3600 tripode
443 3513 568 3579 librum
602 3515 761 3600 Andron,
796 3515 945 3580 incertae
977 3514 1097 3579 aetatis
1130 3521 1260 3598 auctor,
1295 3512 1442 3599 scripsit.

274 3631 457 3716 Tripodem
474 3631 542 3714 alii,
560 3631 620 3695 alii
635 3631 794 3717 phialam,
811 3632 970 3717 poculum
987 3629 1056 3714 6111,
1077 3629 1137 3693 6111
1152 3629 1246 3695 aliud
1261 3628 1442 3693 finxerunt.

273 3746 347 3811 Iam
370 3747 518 3833 primum
534 3748 707 3833 Diogenes
732 3754 765 3812 61
781 3747 951 3811 Diodorus
976 3747 1013 3810 in
1037 3767 1076 3810 eo
1100 3745 1330 3830 consentiunt,
1355 3743 1445 3829 quod

273 3869 415 3948 uterque
439 3863 556 3929 Soloni
579 3863 687 3950 primo
711 3864 858 3948 palmam
882 3862 986 3928 dedit.
1019 3860 1087 3926 Sed
1106 3860 1143 3924 in
1163 3860 1344 3927 verborum
1365 3882 1443 3926 con·

273 3999 392 4043 sensus
415 3979 635 4064 inquiramus.

378 4352 405 4418 1)
424 4348 649 4422 Aristophanem
668 4348 803 4406 Boetium
822 4350 909 4422 (Plut.
930 4349 964 4406 de
982 4350 1052 4406 Her.
1071 4349 1139 4407 mal.
1153 4367 1175 4404 6.
1187 4350 1221 4404 31
1232 4367 1258 4420 p.
1268 4347 1323 4402 864
1331 4345 1441 4418 B-G).

270 4438 461 4499 Dieuchidam
480 4441 687 4512 Megarennem,
707 4441 756 4511 qui
775 4441 1077 4513 Atthidographorum
1094 4438 1174 4494 fuere
1192 4437 1333 4510 aequales.
