3302 4914
817 245 838 312 2

720 335 931 344 ——d

239 460 396 549 ineptum
418 461 589 546 videatur,
617 462 677 527 ubi
704 461 746 527 de
773 461 974 547 fragmentis
998 461 1121 547 agitur.
1130 457 1156 545 ¹)
1201 391 1409 549 Flragmenta

176 671 179 676 Ι
242 577 398 663 denique,
427 600 512 663 quae
540 578 577 642 in
601 577 768 664 excerptis
794 600 853 642 seu
876 577 1052 643 Vaticanis
1086 577 1158 643 sive
1182 601 1267 662 quae
1290 579 1408 645 inseri-

242 695 369 760 buntur
396 687 474 777 περὶ
503 683 618 779 ἀρετῆς
645 688 701 754 καὶ
729 687 859 770 κακίας,
896 716 956 758 seu
989 694 1072 758 alibi
1106 701 1224 758 extant
1258 695 1410 781 discissa,

242 831 445 895 quamquam
472 809 516 876 ad
544 810 686 874 eandem
714 815 869 896 spectant
896 801 981 894 rem,
1018 809 1277 896 epitomatorum
1312 813 1410 898 culpa
1438 862 1439 865 η

242 925 413 990 disiuncta
441 948 513 990 esse
540 925 685 1012 putavit.
736 926 780 990 Ei
807 931 934 1010 autem,
963 926 1028 990 etsi
1051 926 1246 1011 saepissime
1276 933 1408 992 contra-

242 1041 353 1106 hendo
382 1048 416 1106 et
445 1041 661 1126 negligenter
688 1041 924 1106 commutando
959 1041 1144 1106 orationem
1180 1048 1408 1128 corruperunt,

241 1165 356 1222 tamen
383 1157 504 1222 seriem
527 1155 795 1242 fragmentorum
825 1156 895 1220 fere
917 1179 1092 1241 nunquam
1114 1158 1406 1242 perturbaverunt.

243 1275 337 1338 Haec
361 1274 453 1369 enim
469 1281 503 1338 et
518 1273 697 1338 Ernestius
714 1267 892 1355 schulze2)
916 1279 950 1337 et
972 1272 1142 1337 Henrious
1158 1273 1284 1337 Nissen
1291 1269 1326 1358 ³),
1352 1274 1410 1359 qui

241 1389 279 1454 in
301 1389 438 1474 Polybii
461 1389 714 1474 inquisiverunt
736 1388 849 1472 libros,
874 1387 1166 1453 confirmaverunt.
1218 1388 1337 1472 Neque
1361 1390 1410 1454 ita

240 1528 344 1590 grave
372 1513 424 1570 est
451 1512 701 1591 argumentum,
739 1504 827 1588 quod
854 1504 946 1590 Aug.
969 1497 1113 1587 Maius4)
1142 1502 1225 1568 duos
1254 1503 1310 1568 vel
1338 1509 1407 1567 tres

240 1622 331 1687 locos
354 1621 392 1685 in
415 1621 582 1707 excerptis
607 1620 794 1706 duplicatos
817 1618 940 1683 redimi
963 1620 1150 1684 annotavit.
1197 1620 1285 1688 Nam
1314 1624 1348 1682 et
1370 1617 1408 1682 in

241 1744 293 1804 tot
309 1737 509 1823 fragmentis
525 1759 692 1824 perpauca
714 1742 802 1818 sunt,
828 1757 912 1819 quae
928 1734 1016 1798 hanc
1033 1735 1257 1819 suspitionem
1272 1756 1407 1799 movere

241 1853 387 1939 possint,
421 1874 532 1938 neque
565 1851 707 1917 Diodori
741 1851 827 1916 ratio
862 1848 1043 1936 permittit,
1079 1855 1118 1912 ut
1148 1849 1186 1912 in
1214 1849 1407 1934 eclogarios,

240 1969 423 2033 multarum
457 1967 699 2033 difficultatum
733 1990 813 2032 sane
847 1973 1015 2050 auctores,
1052 1965 1185 2050 culpam
1217 1965 1408 2030 reiciamus.

240 2084 409 2149 Diodorus
433 2085 524 2148 enim
546 2106 655 2168 neque
678 2107 805 2167 rerum,
835 2105 917 2168 quas
946 2081 1115 2168 depinxit,
1149 2079 1216 2144 fuit
1242 2079 1409 2166 peritissi-

241 2223 326 2286 mus
349 2223 458 2285 neque
482 2201 552 2265 acri
575 2200 611 2264 in
634 2201 734 2264 rebus
758 2198 986 2264 diiudicandis
1010 2197 1147 2262 iudicio
1198 2196 1318 2280 ltaque
1342 2216 1409 2258 ser-

241 2317 370 2402 viliter,
407 2316 497 2402 quod
531 2317 568 2380 in
602 2317 739 2380 homine
772 2315 900 2379 Graeco
933 2313 1069 2396 mirere,
1103 2311 1253 2396 vestigia
1286 2309 1434 2396 pressit·

242 2439 429 2516 auctorum,
463 2433 588 2518 quippe
618 2454 700 2516 quos
728 2453 771 2495 ne
800 2451 933 2516 semper
961 2427 1098 2512 quidem
1122 2432 1217 2511 aptos
1241 2425 1410 2509 elegisset.

241 2549 381 2613 Etenim
416 2571 471 2614 eos
506 2548 609 2613 verbo
645 2547 686 2611 de
713 2546 817 2612 verbo
846 2542 1177 2629 chronographorum
1206 2539 1311 2605 medii
1335 2539 1412 2604 aevi

242 2665 350 2730 instar
373 2665 560 2750 exscripsit.
592 2664 705 2728 Huius
728 2663 778 2726 rei
801 2661 978 2748 perspicua
1002 2658 1155 2743 exempla
1171 2664 1205 2721 et
1220 2655 1410 2741 Volquard-

242 2775 373 2858 senusl)
410 2787 444 2845 et
477 2782 521 2845 H.
551 2774 747 2859 Nissenus⁶)
782 2779 820 2842 in
855 2775 1005 2841 medium
1035 2774 1258 2860 protulerunt.
1310 2771 1410 2836 Unde

241 2897 370 2961 factum
398 2902 463 2980 est,
499 2903 539 2960 ut
568 2896 635 2960 alia
661 2896 776 2960 flueret
804 2894 841 2957 in
864 2889 1107 2978 posterioribus
1134 2887 1245 2970 libris,
1281 2886 1347 2951 alia
1373 2885 1411 2993 ip

241 3012 409 3098 prioribus
422 3013 536 3078 oratio.
561 3013 680 3096 Neque
693 3011 792 3075 aliter
804 3007 1041 3094 explicandum
1057 3012 1117 3090 est,
1135 3003 1224 3089 quod
1237 2997 1410 3082 eandem⁷)

241 3151 314 3192 rem
339 3127 466 3192 eisdem
490 3127 561 3192 fere
584 3125 697 3192 verbis
719 3125 908 3190 identidem
931 3123 972 3188 ab
989 3123 1047 3186 illo
1062 3121 1228 3207 prolatam
1242 3118 1407 3184 videmus.

241 3325 454 3333 --.-—-—--

349 3429 376 3500 1)
397 3427 479 3496 Quod
492 3432 590 3480 tamen
610 3426 657 3479 ille
671 3425 707 3479 ad
720 3443 816 3478 rerum
830 3422 1025 3479 conclusiones
1038 3421 1196 3476 identidem
1209 3417 1338 3490 proferre
1350 3433 1409 3470 non

241 3520 351 3576 veritus
371 3523 414 3573 est
433 3519 450 3574 l.
471 3518 488 3570 l.
508 3534 535 3587 p.
555 3518 579 3584 7,
599 3535 625 3587 p.
648 3516 688 3569 11.

348 3622 376 3696 2)
396 3625 438 3678 De
449 3623 591 3694 excerptis
608 3620 854 3678 Constantinianis
871 3624 980 3691 quaest.
998 3617 1114 3672 criticae
1129 3617 1248 3671 Bonnae
1264 3615 1332 3668 1866
1346 3633 1373 3684 p.
1385 3613 1409 3668 9.

348 3732 375 3804 3)
395 3731 473 3786 Krit.
493 3731 610 3784 Unters
630 3730 699 3784 iiber
718 3729 764 3784 die
778 3728 897 3795 Quellen
916 3727 943 3780 d.
956 3727 981 3778 4.
995 3744 1021 3780 u.
1036 3726 1060 3779 5.
1075 3723 1193 3776 Dekede
1206 3723 1255 3775 des
1267 3720 1331 3777 Liv.
1344 3740 1371 3792 p.
1385 3722 1409 3774 7.

348 3841 376 3908 4)
395 3839 510 3908 Fragm.
524 3837 607 3893 Diod.
619 3836 749 3891 Vatican.
762 3835 825 3889 libr.
839 3832 961 3888 VII—X
972 3874 978 3886 .
990 3876 996 3888 .
1008 3872 1032 3888 ..
1053 3848 1075 3884 c.
1095 3848 1161 3883 ann.
1175 3828 1209 3882 A.
1223 3827 1284 3882 Mai
1300 3845 1336 3882 ex
1354 3845 1409 3882 rec.

242 3930 313 3985 Lud.
333 3928 476 4000 Dindorfii
496 3929 565 3981 1828
583 3947 609 3998 p.
629 3928 664 3980 24
683 3945 748 3980 ann.

348 4035 376 4105 5)
396 4035 511 4089 Unters.
530 4035 600 4087 uber
619 4033 663 4087 die
683 4032 802 4098 Quellen
816 4031 866 4084 der
879 4027 986 4100 griech.
1000 4045 1027 4080 u.
1042 4024 1111 4080 sicil.
1126 4024 1228 4080 Geseh.
1242 4023 1288 4079 bei
1301 4021 1409 4078 Diodor

241 4125 402 4180 XI—XVI.
438 4124 506 4178 Kiel
525 4125 595 4177 1868
613 4141 640 4193 p.
659 4123 702 4191 50,
722 4122 763 4174 51.

348 4234 364 4286 e
395 4233 450 4286 1.1.
490 4276 496 4288 .
517 4232 576 4284 111.

349 4231 377 4410 ii
397 4339 433 4395 of.
458 4251 708 4410 iuquam...
740 4335 758 4390 1.
782 4335 800 4390 1.
823 4333 940 4389 monor.
959 4332 1013 4402 xi,
1036 4331 1071 4387 ve
1093 4335 1123 4385 e
1146 4329 1193 4399 ve
1219 4325 1410 4394 xv1,31,e;
1461 4399 1462 4406 .

242 4430 285 4504 34,
303 4431 322 4485 4
340 4437 368 4486 ct
387 4432 416 4504 53
435 4431 478 4486 39.
1619 4438 1649 4490 ἡ
