3302 4914
801 267 845 333 25

713 359 925 368 ...ω-...κ-

234 490 319 555 11001
342 487 529 571 scientiam,
554 509 655 571 quam
677 483 880 550 Plutarchus
904 483 1073 548 illustrare
1096 481 1215 562 vellet,
1244 500 1301 544 eos
1328 501 1403 566 per·

176 639 178 645 2
235 605 344 670 tinere
378 602 564 670 contendit.
619 599 822 674 Plutarchus
851 604 964 664 autem
987 598 1074 664 haec
1102 596 1248 662 disticha
1276 595 1403 660 idcirco

236 721 364 806 attulit,
392 727 431 786 ut
454 742 555 804 quam
578 718 723 804 simplex
746 722 781 781 et
803 738 916 780 rerum
943 713 1149 780 naturalium
1177 713 1271 777 rudis
1301 712 1404 778 Solon

235 837 367 922 fuisset,
391 842 577 924 appareret.
609 835 727 919 Neque
751 855 918 918 quaquam
941 831 1110 917 peculiare
1127 829 1169 894 de
1189 829 1289 894 rebus
1306 833 1404 892 natu·

166 1023 170 1031 ,
234 955 361 1020 ralibus
386 975 520 1019 carmen
543 974 562 1016 a
585 951 707 1016 Solone
731 949 906 1016 conditum
930 970 1003 1012 esse
1026 945 1178 1011 tradidit.

341 1070 415 1135 Iam
438 1090 517 1133 vero
541 1067 767 1153 exquiramus,
790 1089 873 1132 num
893 1065 932 1130 hi
949 1087 1066 1130 versus
1081 1053 1135 1137 Ἐξ
1149 1052 1276 1141 ἀνέμων
1291 1081 1320 1122 κ.
1334 1081 1362 1120 τ.
1376 1057 1404 1121 λ.

236 1187 319 1252 satis
343 1191 421 1272 apte
445 1163 606 1270 coniungi
629 1183 762 1270 possint
785 1197 862 1247 cum
886 1181 1044 1264 disticha,
1070 1179 1160 1264 quod
1182 1178 1356 1264 Diogenes
1373 1183 1407 1242 et

235 1300 403 1367 Diodorus
428 1300 599 1366 exhibent.
632 1301 705 1364 Hos
729 1305 843 1363 autem
866 1297 929 1362 rh.
953 1297 1125 1381 Bergkius
1150 1295 1198 1360 sic
1222 1293 1407 1380 explicavit

238 1416 293 1496 (ad
315 1415 414 1502 frgm.
441 1417 508 1496 12):
536 1415 674 1481 Dixisse
697 1421 833 1501 poetam
857 1413 899 1478 de
921 1414 1046 1500 populo
1071 1412 1129 1497 qui
1151 1411 1220 1476 nisi
1243 1409 1406 1496 improbis

236 1539 351 1599 utatur
374 1533 527 1616 ducibus,
552 1531 598 1596 sit
621 1530 837 1614 iustissimus,
864 1529 952 1594 sicut
975 1551 1068 1594 mare
1087 1526 1267 1615 placidum,
1292 1526 1406 1591 ventis

235 1672 304 1714 000
327 1647 554 1712 turbantibus.
587 1645 701 1731 Atque
725 1669 803 1711 cum
826 1647 900 1731 alia,
927 1667 1012 1731 quae
1035 1645 1094 1708 ille
1117 1643 1161 1708 ad
1182 1643 1274 1708 hunc
1295 1643 1407 1706 locum

237 1763 388 1848 collegit,
422 1769 496 1828 tum
525 1762 677 1828 conferas
705 1763 809 1827 velim
838 1761 1069 1848 fragmentum
1100 1759 1318 1826 notissimum
1346 1757 1406 1822 Al·

237 1879 310 1942 caei
336 1875 405 1962 (18)
414 1872 452 1964 ¹),
488 1878 577 1964 qued
611 1877 655 1942 ad
687 1879 925 1966 explicandum
952 1902 985 1944 v.
1013 1878 1045 1942 d.
1070 1875 1262 1942 Heraclidis
1291 1873 1407 1939 attulit

236 1995 362 2060 locum:
392 1986 451 2068 τάς
473 1986 532 2078 γάρ
556 1985 746 2077 τυραννικὰς
769 1986 913 2078 ταραχάς
936 1989 972 2068 ἐξ
992 1985 1066 2054 ἴσον
1081 1991 1252 2076 χειμερινῷ
1269 2007 1406 2074 προσει-

236 2101 327 2186 κάζει
355 2101 584 2195 καταστήματι
613 2101 796 2192 θαλάσσης.
853 2109 919 2175 Oui
951 2115 1064 2174 autem
1095 2132 1164 2174 000
1192 2109 1230 2172 10
1257 2112 1407 2172 10001010

236 2227 334 2292 venit
368 2225 453 2291 illud
488 2225 723 2290 Horatianum·
748 2223 873 2299 (Oarm.
902 2226 946 2310 ΙΙ,
983 2227 1034 2310 17,
1065 2225 1127 2310 19),
1164 2247 1228 2310 quo
1265 2231 1406 2289 rentum

236 2341 347 2408 undae
383 2342 569 2428 appellavit
603 2349 797 2428 tyrannum.
845 2339 895 2406 At
921 2364 1067 2407 conexus
1096 2364 1256 2407 versuum
1280 2339 1406 2404 additis

236 2458 349 2524 verbis
377 2446 415 2543 ἢν
439 2452 475 2519 de'
497 2479 548 2532 τις
572 2447 672 2544 αὐτὴν
694 2450 740 2543 μὴ
765 2456 849 2544 κινῇ,
874 2449 1008 2518 πάντων
1031 2451 1101 2518 ἐστὶ
1130 2447 1324 2541 δικαιοτάτη
1350 2455 1406 2520 de-

235 2576 334 2641 letur.
381 2575 469 2659 Hoc,
498 2575 536 2639 ni
560 2573 671 2659 fallor,
700 2575 792 2640 viros
821 2575 938 2640 doctos
963 2573 1106 2638 offendit
1130 2580 1164 2638 et
1186 2579 1277 2638 recte
1302 2572 1406 2637 offen-

237 2691 327 2756 disse
349 2690 516 2756 videatur.
557 2685 832 2774 Concedamu82),
856 2689 987 2776 aliquid
1010 2689 1206 2775 desiderari,
1231 2712 1296 2775 quo
1317 2711 1406 2754 com-

236 2807 407 2894 paraticni
444 2807 481 2871 in
519 2812 697 2893 utramque
735 2812 867 2892 partem
906 2806 1077 2872 sententia
1123 2829 1158 2871 se
1202 2804 1405 2871 accomodat.

239 2923 420 3000 Quaeritur
447 2929 560 2988 autem
588 2922 651 2988 hoc
678 2924 806 3010 ipsum,
835 2929 950 2988 utrum
973 2923 1121 2988 Diodoro
1148 2923 1302 2988 lacunam
1330 2925 1408 3008 post

345 3158 372 3229 1)
391 3159 443 3213 Th.
469 3161 584 3232 Bergk,
612 3162 630 3216 l.
648 3163 666 3216 l.
690 3163 722 3217 Π
744 3181 771 3234 p.
801 3163 853 3216 154
882 3161 1025 3218 Heraclid.
1054 3161 1147 3233 Alleg.
1172 3180 1195 3216 o.
1215 3164 1239 3216 5.
1277 3161 1408 3214 Eandem

237 3249 480 3320 comparationem
498 3250 708 3321 Aristophanes
726 3252 865 3324 respexit,
890 3271 955 3306 cum
973 3251 1222 3323 Paphalagonem,
1242 3256 1275 3305 ut
1294 3249 1408 3321 saepius

236 3357 267 3394 se
284 3338 380 3412 ipsum
400 3339 583 3394 cavillantem
602 3340 695 3410 finxit,
715 3340 857 3395 dicentem
877 3341 987 3396 faceret
1006 3341 1103 3412 Equit.
1122 3359 1150 3395 v.
1169 3342 1235 3395 430:

447 3418 551 3500 ’Ἑξειμι
571 3422 624 3498 γάρ
644 3445 688 3482 σοι
708 3422 835 3501 λαμπρὸς
854 3421 906 3496 ἤδη
926 3435 972 3481 καὶ
991 3435 1080 3501 μέγας
1098 3436 1206 3488 rosilar

449 3510 535 3590 Ὁμοῦ
552 3511 699 3588 ταράσσων
717 3513 764 3586 τήν
782 3538 810 3572 τε
829 3519 880 3588 γῆν
899 3523 947 3570 καὶ
965 3512 1012 3586 τὴν
1030 3513 1170 3572 θάλατταν
1189 3509 1248 3586 ἤδη.

342 3623 371 3695 2)
389 3627 501 3681 Extant
518 3643 679 3698 perpaucae
697 3627 774 3698 apud
786 3631 886 3698 poetas
899 3626 1041 3697 elegiacos
1054 3627 1291 3699 comparationes
1320 3627 1407 3682 Solon

237 3711 298 3782 ipse
315 3714 401 3786 frgm.
423 3717 456 3770 13
475 3716 548 3788 ng.
569 3735 596 3772 v.
618 3715 735 3770 18-24:
763 3716 842 3771 Iovis
869 3716 1010 3771 ultionem
1033 3735 1099 3771 cum
1122 3723 1209 3772 vento
1228 3717 1408 3789 comparavit

237 3819 339 3871 verne,
367 3805 416 3876 qui
443 3823 522 3860 mare
550 3811 579 3860 01
606 3811 699 3860 terras
722 3805 811 3860 verrit
834 3810 863 3860 01
881 3805 976 3860 subito
1001 3812 1089 3862 vexat
1114 3807 1228 3860 turbine
1252 3812 1281 3861 et
1305 3806 1352 3860 vel
1370 3805 1407 3860 ad

237 3890 336 3944 nubila
359 3894 429 3948 caeli
451 3900 579 3966 stragem
604 3901 759 3967 propagat,
788 3893 839 3950 sed
861 3895 992 3967 placatus
1017 3915 1050 3951 00
1069 3896 1208 3950 maiorem
1227 3895 1299 3950 caeli
1317 3895 1408 3950 efficit

236 3980 428 4036 serenitatem.
474 3985 509 4038 In
537 3985 722 4056 sequentibus
749 3989 846 4038 autem
874 3967 919 4039 dei
946 4003 1054 4056 poenas
1082 3985 1112 4039 in
1141 4002 1240 4039 omnes
1268 3986 1406 4040 mortales

179 4094 181 4100 ·
236 4070 345 4126 irruere
365 4077 471 4128 cantat.
508 4074 555 4128 Ita
572 4074 654 4128 venti
672 4074 733 4128 vim
752 4080 838 4146 poeta
857 4074 911 4129 hoc
929 4075 992 4130 loco
1005 4074 1035 4128 in
1054 4079 1332 4147 utramquepartem
1350 4092 1408 4129 res-

235 4161 322 4231 pexit,
343 4177 408 4214 cum
427 4167 496 4219 τίσις
515 4161 595 4226 θεῶν,
616 4181 790 4234 quamquam
810 4164 845 4218 de
863 4164 1007 4235 purgandi
1026 4163 1056 4218 vi
1075 4163 1196 4235 cogitari
1215 4169 1318 4235 potest,
1346 4182 1408 4234 per·

235 4249 344 4304 0101000
362 4249 448 4304 100ᾶο
468 4256 497 4304 01
515 4252 666 4307 mortifera
685 4253 859 4324 depingitur.
897 4253 953 4308 Sed
971 4259 1069 4308 tamen
1089 4271 1125 4308 ex
1137 4254 1192 4308 hoc
1205 4272 1262 4308 uno
1277 4253 1407 4323 exemplo

236 4357 293 4393 000
311 4339 353 4394 110
371 4341 496 4395 multum
514 4341 694 4413 perspicitur.
742 4343 777 4398 In
802 4343 867 4398 aliis
886 4348 983 4398 autem
1002 4343 1115 4398 Solonis
1135 4342 1311 4397 carminibus
1329 4342 1408 4396 nulla

240 4433 319 4484 extat
339 4429 524 4502 comparatio.
