3302 4914
831 272 872 344 18

741 369 953 377 ——fl

263 500 371 561 616111.
403 491 456 577 (cf.
481 495 612 561 Libror.
637 502 836 581 argumenta
863 494 963 581 frgm.
988 495 1353 564 1116-1111616
1380 501 1432 568 ed.

261 612 303 678 D.
320 634 352 697 p.
369 607 548 694 XLVIII.)
585 611 636 676 Ao
660 633 737 675 cum
761 610 802 675 de
826 612 973 697 corporis
997 612 1128 678 viribus
1152 620 1186 677 et
1216 615 1328 700 specie
1352 617 1433 682 Dio-

262 725 364 791 dorus
398 727 462 792 hoc
497 728 569 792 loco
604 725 804 792 disseruisse
838 727 1009 812 videatur,
1046 728 1130 794 haec
1161 730 1204 794 ad
1232 731 1430 797 Cleobulum
1532 753 1541 780 -·

262 849 414 930 spectare
438 842 566 929 opinor.
609 843 711 906 Hunc
740 834 948 928 6111111ρ1όμῃ
972 837 1028 904 καὶ
1056 835 1169 906 κάλλει
1195 847 1315 911 6616116
1335 870 1431 933 prae·

264 959 394 1023 stitisse
419 981 436 1022 e
460 959 615 1044 Diogene
640 965 788 1044 apparet.
814 960 853 1043 (Ι,
877 956 946 1041 89.)
976 960 1144 1025 Diodorus
1168 961 1275 1047 igitur
1296 961 1432 1028 videtur

262 1075 471 1161 exposuisse,
508 1074 707 1139 Cleobulum
741 1096 810 1138 non
844 1074 957 1139 minus
994 1077 1143 1162 corporis
1173 1101 1273 1164 quam
1299 1078 1431 1164 ingenii

261 1191 470 1276 praestantia
496 1191 660 1255 floruisse.
707 1190 826 1255 Altera
855 1189 947 1254 enim
971 1191 1102 1256 sublata
1124 1193 1265 1258 alteram
1290 1195 1322 1258 ei
1344 1195 1432 1260 nihil

261 1305 472 1392 profuturam
496 1305 611 1371 fuisse.
658 1307 734 1370 Hoc
763 1312 875 1370 autem
901 1328 918 1369 e
941 1306 1080 1370 Milonis
1110 1313 1144 1370 et
1173 1308 1432 1393 Polydamantis

262 1422 356 1486 611116
379 1423 536 1508 intellegi
559 1445 667 1510 posse.

368 1537 416 1602 At
439 1539 603 1604 Klueberi
627 1539 793 1604 rationem
816 1559 886 1601 non
909 1536 1098 1602 habuimus.
1132 1539 1246 1604 Certe!
1271 1539 1331 1603 sed
1352 1562 1430 1604 con-

262 1653 350 1718 sulto
374 1654 445 1718 eius
469 1661 670 1740 argumenta
693 1653 905 1738 reliquimus,
939 1653 1028 1738 quod
1051 1654 1124 1739 ipse
1147 1654 1235 1720 nihil
1259 1655 1350 1720 aliud
1373 1655 1429 1720 de-

261 1769 465 1834 monstravit
491 1793 601 1855 neque
628 1770 741 1856 potuit
771 1769 1000 1834 demonstrare
1030 1770 1098 1834 nisi
1130 1771 1213 1836 haec
1241 1771 1431 1856 fragmenta

262 1901 338 1950 cum
361 1885 499 1971 Ephoro
523 1887 592 1950 non
617 1885 817 1972 discrepare.
853 1885 927 1950 Hoc
949 1885 1111 1950 nimirum
1132 1885 1206 1951 fieri
1222 1911 1292 1952 non
1308 1888 1431 1974 potuit,

262 2000 535 2085 quandoquidem
564 2002 606 2066 de
634 2002 687 2066 his
714 2002 814 2067 rebus
838 2001 926 2066 nihil
951 2025 996 2068 ex
1016 2001 1088 2065 eius
1111 2001 1262 2066 historiis
1286 2010 1432 2067 aetatem

261 2117 351 2181 tulit.
383 2116 432 2180 At
454 2118 542 2182 nihil
566 2119 785 2202 consequitur
808 2117 984 2183 eDiodori
1008 2124 1041 2181 61
1065 2118 1231 2204 Diogenis
1254 2124 1429 2183 concentu.

259 2221 528 2315 Ἀποφθέγματα
552 2234 643 2298 enim
669 2234 786 2298 6611616
802 2234 872 2298 sint
887 2255 1026 2298 necesse
1044 2239 1105 2297 est.
1134 2233 1302 2299 Diodorus
1319 2239 1431 2298 autem

260 2369 330 2412 non
354 2349 463 2433 magis
486 2349 523 2412 in
552 2349 601 2412 eis
634 2372 719 2434 quae
748 2349 933 2433 enarravit,
970 2370 1070 2433 quam
1107 2371 1192 2433 quae
1227 2349 1343 2414 omisit
1377 2350 1433 2414 vel

261 2464 325 2529 alio
349 2465 421 2529 loco
445 2465 591 2547 rettulit,
621 2465 748 2550 optime
778 2488 854 2530 cum
878 2464 1015 2528 Laertio
1045 2465 1212 2549 congruit.
1264 2464 1315 2529 Ac
1348 2471 1433 2529 tem-

260 2601 380 2665 porum
403 2588 584 2665 utrumque
608 2581 774 2646 rationem
798 2604 867 2646 non
890 2581 1048 2646 habuisse
1064 2602 1163 2644 nemo
1179 2579 1331 2666 negabit.
1365 2581 1433 2644 Cur

261 2695 370 2781 igitur
392 2695 561 2761 Diodorus
585 2695 748 2780 fabulam,
774 2720 840 2783 qua
864 2697 1027 2762 Croesum
1050 2695 1203 2760 Pittacus
1228 2697 1269 2762 ab
1295 2695 1431 2782 expedi-

260 2812 354 2876 tione
379 2819 496 2876 contra
519 2813 692 2877 insulanos
716 2819 834 2900 parata
858 2812 1032 2896 deterruit,
1055 2813 1233 2897 praeteriit
1252 2812 1289 2876 in
1304 2811 1431 2876 Pittaci

260 2929 316 2992 vel
332 2929 467 2993 Biantis
483 2929 565 2993 vita.
597 2929 729 3014 Nempe
750 2929 902 2993 hocloco
919 2928 960 2991 de
978 2927 1097 2992 Croesi
1114 2926 1247 2992 divitiis
1263 2951 1283 2992 a
1297 2927 1432 2992 Pittaco

260 3044 423 3108 recusatis
441 3045 607 3130 exposuit.
639 3044 812 3130 Diogenes
835 3066 934 3128 porro
959 3043 1079 3128 quidni
1102 3031 1311 3126 ἀπόφθεγμα
1337 3037 1432 3126 116ρί-

261 3150 357 3233 ξύλου
381 3153 538 3221 ποικίλου
570 3160 778 3245 interposuit
801 3159 941 3244 fabulis,
977 3159 1102 3245 quippe
1138 3181 1220 3243 quas
1249 3158 1367 3223 eadem
1395 3158 1432 3222 in

261 3277 361 3360 66116,
397 3299 435 3340 66
469 3276 637 3341 Diodorus
673 3275 853 3339 rettulerit.
900 3275 994 3339 Haec
1023 3275 1136 3340 omnia
1162 3297 1245 3339 num
1274 3297 1353 3338 casu
1376 3273 1432 3338 vel

261 3400 434 3457 auctorum
457 3393 597 3457 licentia
621 3392 669 3456 sic
691 3391 877 3478 composita
901 3414 973 3456 esse
996 3390 1184 3455 verisimile
1200 3390 1274 3454 est?
1306 3389 1374 3454 Sed
1390 3389 1432 3453 de

261 3507 324 3572 1166
349 3515 515 3573 66666616
538 3509 631 3573 61166.

367 3625 513 3688 Ineunte
548 3623 634 3688 libro
669 3646 753 3709 quae
781 3625 955 3708 leguntur,
991 3624 1028 3687 in
1056 3645 1124 3687 una
1152 3645 1188 3686 re
1212 3622 1271 3686 illa
1294 3621 1433 3706 quidem

262 3761 338 3804 cum
361 3739 527 3826 Diogenis
556 3740 749 3804 narratione
779 3741 983 3827 conspirant.
1039 3738 1179 3803 Etenim
1214 3737 1255 3802 ah
1290 3743 1432 3823 utroque

262 3855 366 3921 Solon
390 3856 594 3921 Salaminius
619 3856 815 3941 appellatur.
861 3855 987 3919 Contra
1011 3854 1212 3920 Plutarchus
1236 3853 1273 3917 in
1298 3853 1431 3919 Solonis

261 3971 334 4036 vita
358 3971 590 4058 despingenda
613 3970 701 4034 nihil
725 3970 852 4035 dehoc
876 3971 949 4034 eius
973 3977 1049 4035 6116
1072 3970 1223 4034 tradidit.
1262 3969 1331 4035 Sed
1354 3989 1430 4034 con-

261 4087 408 4153 feramus
431 4088 597 4172 Diogenis
627 4086 668 4150 de
699 4086 758 4150 1116
788 4086 1017 4151 narrationem
1053 4108 1129 4150 cum
1163 4085 1307 4150 Diodori
1341 4083 1429 4165 frag·

260 4204 395 4269 mentis.
442 4205 505 4268 1116
528 4209 606 4290 post
629 4204 722 4288 leges
747 4201 882 4265 exiliter
906 4201 1089 4288 explicatas
1111 4208 1218 4266 1616111
1235 4198 1430 4266 eiusvitam

261 4343 367 4405 usque
394 4320 437 4384 ad
462 4319 636 4384 Pisistrati
658 4316 878 4404 tyrannidem
902 4326 936 4382 et
961 4317 1094 4383 Solonis
1119 4314 1235 4403 fugam
1258 4313 1429 4402 perduxit.
1494 4353 1500 4366 ·

262 4436 355 4516 Quae
390 4441 592 4522 sequuntur,
628 4435 738 4520 magis
774 4434 832 4498 illa
869 4433 1005 4520 quidem
1037 4432 1079 4499 ad
1107 4433 1294 4520 sapientem
1318 4431 1432 4518 ipsum
