<?xml version="1.0" encoding="UTF-8"?>
<!DOCTYPE html PUBLIC "-//W3C//DTD XHTML 1.0 Transitional//EN"
    "http://www.w3.org/TR/xhtml1/DTD/xhtml1-transitional.dtd">
<html xmlns="http://www.w3.org/1999/xhtml" xml:lang="en" lang="en">
 <head>
  <title>
</title>
<meta http-equiv="Content-Type" content="text/html;charset=utf-8" />
  <meta name='ocr-system' content='tesseract 3.04.00' />
  <meta name='ocr-capabilities' content='ocr_page ocr_carea ocr_par ocr_line ocrx_word'/>
</head>
<body>
  <div class='ocr_page' id='page_1' title='image "adsolonisaetate00stetgoog_0050.png"; bbox 0 0 3302 4914; ppageno 0'>
   <div class='ocr_carea' id='block_1_1' title="bbox 828 312 870 376">
    <p class='ocr_par' dir='ltr' id='par_1_1' title="bbox 828 312 870 376">
     <span class='ocr_line' id='line_1_1' title="bbox 828 312 870 376; baseline 0 0"><span class='ocrx_word' id='word_1_1' title='bbox 828 312 870 376; x_wconf 82' lang='lat'>41</span> 
     </span>
    </p>
   </div>
   <div class='ocr_carea' id='block_1_2' title="bbox 747 403 959 410">
    <p class='ocr_par' dir='ltr' id='par_1_2' title="bbox 747 403 959 410">
     <span class='ocr_line' id='line_1_2' title="bbox 747 403 959 410; baseline 0.005 -2"><span class='ocrx_word' id='word_1_2' title='bbox 747 403 959 410; x_wconf 80' lang='lat'><strong><em>——-—--·-—--.·</em></strong></span> 
     </span>
    </p>
   </div>
   <div class='ocr_carea' id='block_1_3' title="bbox 248 525 1437 616">
    <p class='ocr_par' dir='ltr' id='par_1_3' title="bbox 248 525 1437 616">
     <span class='ocr_line' id='line_1_3' title="bbox 248 525 1437 616; baseline -0.003 -23"><span class='ocrx_word' id='word_1_3' title='bbox 248 527 456 616; x_wconf 56' lang='lat' dir='ltr'>perspexit,</span> <span class='ocrx_word' id='word_1_4' title='bbox 492 527 568 592; x_wconf 92' lang='lat' dir='ltr'>fieri</span> <span class='ocrx_word' id='word_1_5' title='bbox 601 526 751 612; x_wconf 89' lang='lat' dir='ltr'>potuisse</span> <span class='ocrx_word' id='word_1_6' title='bbox 786 532 826 592; x_wconf 91' lang='lat' dir='ltr'>ut</span> <span class='ocrx_word' id='word_1_7' title='bbox 862 525 1100 612; x_wconf 85' lang='lat' dir='ltr'>Timodemus,</span> <span class='ocrx_word' id='word_1_8' title='bbox 1140 526 1299 591; x_wconf 80' lang='lat' dir='ltr'>Timonoi</span> <span class='ocrx_word' id='word_1_9' title='bbox 1337 525 1437 610; x_wconf 88' lang='lat' dir='ltr'>filius,</span> 
     </span>
    </p>
   </div>
   <div class='ocr_carea' id='block_1_4' title="bbox 268 631 1441 962">
    <p class='ocr_par' dir='ltr' id='par_1_4' title="bbox 268 631 1441 962">
     <span class='ocr_line' id='line_1_4' title="bbox 270 631 1439 736; baseline -0.003 -26"><span class='ocrx_word' id='word_1_10' title='bbox 270 651 412 730; x_wconf 85' lang='lat' dir='ltr'>egente</span> <span class='ocrx_word' id='word_1_11' title='bbox 436 641 754 736; x_wconf 75' lang='lat' dir='ltr'>Timodemidarum</span> <span class='ocrx_word' id='word_1_12' title='bbox 778 666 796 708; x_wconf 89' lang='lat' dir='ltr'>e</span> <span class='ocrx_word' id='word_1_13' title='bbox 827 642 925 708; x_wconf 88' lang='lat' dir='ltr'>demo</span> <span class='ocrx_word' id='word_1_14' title='bbox 947 631 1113 726; x_wconf 79' lang='grc' dir='ltr'><em>Ἀχορνοῖς</em></span> <span class='ocrx_word' id='word_1_15' title='bbox 1140 649 1179 706; x_wconf 88' lang='grc'>111</span> <span class='ocrx_word' id='word_1_16' title='bbox 1202 643 1356 729; x_wconf 73' lang='lat' dir='ltr'>agripeta</span> <span class='ocrx_word' id='word_1_17' title='bbox 1380 641 1439 708; x_wconf 83' lang='lat' dir='ltr'>Sa·</span> 
     </span>
     <span class='ocr_line' id='line_1_5' title="bbox 268 747 1439 842; baseline -0.008 -15"><span class='ocrx_word' id='word_1_18' title='bbox 268 762 392 828; x_wconf 87' lang='lat' dir='ltr'>lamine</span> <span class='ocrx_word' id='word_1_19' title='bbox 415 756 610 826; x_wconf 78' lang='lat' dir='ltr'>nasceretur</span> <span class='ocrx_word' id='word_1_20' title='bbox 634 765 667 824; x_wconf 90' lang='lat' dir='ltr'>et</span> <span class='ocrx_word' id='word_1_21' title='bbox 691 759 890 824; x_wconf 73' lang='lat' dir='ltr'>educaretur</span> <span class='ocrx_word' id='word_1_22' title='bbox 913 748 979 842; x_wconf 76' lang='grc' dir='ltr'>(ὅτι</span> <span class='ocrx_word' id='word_1_23' title='bbox 1003 750 1092 832; x_wconf 77' lang='grc' dir='ltr'><strong><em>εἰκός</em></strong></span> <span class='ocrx_word' id='word_1_24' title='bbox 1116 753 1204 819; x_wconf 78' lang='grc' dir='ltr'><strong><em>ἐστιν</em></strong></span> <span class='ocrx_word' id='word_1_25' title='bbox 1229 748 1327 820; x_wconf 69' lang='grc' dir='ltr'><em>αὐτὸν</em></span> <span class='ocrx_word' id='word_1_26' title='bbox 1355 747 1439 819; x_wconf 74' lang='grc' dir='ltr'><strong><em>εἶναι</em></strong></span> 
     </span>
     <span class='ocr_line' id='line_1_6' title="bbox 268 863 1441 962; baseline -0.003 -24"><span class='ocrx_word' id='word_1_27' title='bbox 268 876 333 938; x_wconf 75' lang='grc' dir='ltr'>τῶν</span> <span class='ocrx_word' id='word_1_28' title='bbox 371 869 430 962; x_wconf 78' lang='grc' dir='ltr'>τὴν</span> <span class='ocrx_word' id='word_1_29' title='bbox 473 871 643 954; x_wconf 79' lang='grc' dir='ltr'><strong><em>Σαλαμῖνα</em></strong></span> <span class='ocrx_word' id='word_1_30' title='bbox 683 866 1057 960; x_wconf 72' lang='grc' dir='ltr'><em>καοακληροοχησάῦῑιον</em></span> <span class='ocrx_word' id='word_1_31' title='bbox 1096 863 1307 960; x_wconf 68' lang='grc' dir='ltr'>Ἀθηναίων).</span> <span class='ocrx_word' id='word_1_32' title='bbox 1373 873 1441 940; x_wconf 81' lang='lat' dir='ltr'>Sed</span> 
     </span>
    </p>
   </div>
   <div class='ocr_carea' id='block_1_5' title="bbox 267 990 1440 1660">
    <p class='ocr_par' dir='ltr' id='par_1_5' title="bbox 267 990 1440 1660">
     <span class='ocr_line' id='line_1_7' title="bbox 267 990 1440 1078; baseline -0.003 -20"><span class='ocrx_word' id='word_1_33' title='bbox 267 999 403 1078; x_wconf 87' lang='lat' dir='ltr'>tamen,</span> <span class='ocrx_word' id='word_1_34' title='bbox 462 1014 662 1078; x_wconf 88' lang='lat' dir='ltr'>quamquam</span> <span class='ocrx_word' id='word_1_35' title='bbox 714 991 880 1056; x_wconf 91' lang='lat' dir='ltr'>disertum</span> <span class='ocrx_word' id='word_1_36' title='bbox 931 991 1165 1057; x_wconf 84' lang='lat' dir='ltr'>testimonium</span> <span class='ocrx_word' id='word_1_37' title='bbox 1218 990 1440 1075; x_wconf 88' lang='lat' dir='ltr'>desideratur,</span> 
     </span>
     <span class='ocr_line' id='line_1_8' title="bbox 268 1098 1439 1194; baseline -0.009 -18"><span class='ocrx_word' id='word_1_38' title='bbox 268 1110 370 1194; x_wconf 85' lang='lat' dir='ltr'><strong>nihil,</strong></span> <span class='ocrx_word' id='word_1_39' title='bbox 413 1115 465 1174; x_wconf 92' lang='lat' dir='ltr'>est</span> <span class='ocrx_word' id='word_1_40' title='bbox 500 1108 588 1193; x_wconf 89' lang='lat' dir='ltr'>quod</span> <span class='ocrx_word' id='word_1_41' title='bbox 623 1106 816 1173; x_wconf 89' lang='lat' dir='ltr'>dubitemus</span> <span class='ocrx_word' id='word_1_42' title='bbox 853 1108 936 1193; x_wconf 89' lang='lat' dir='ltr'>quin</span> <span class='ocrx_word' id='word_1_43' title='bbox 976 1099 1006 1168; x_wconf 80' lang='grc'>01</span> <span class='ocrx_word' id='word_1_44' title='bbox 1047 1099 1154 1192; x_wconf 76' lang='grc' dir='ltr'><em>κύριοι</em></span> <span class='ocrx_word' id='word_1_45' title='bbox 1189 1107 1248 1168; x_wconf 79' lang='grc' dir='ltr'>τοῦ</span> <span class='ocrx_word' id='word_1_46' title='bbox 1282 1098 1439 1168; x_wconf 76' lang='grc' dir='ltr'><em>πολιτεύ-</em></span> 
     </span>
     <span class='ocr_line' id='line_1_9' title="bbox 267 1220 1439 1310; baseline 0.002 -24"><span class='ocrx_word' id='word_1_47' title='bbox 267 1246 385 1304; x_wconf 78' lang='grc' dir='ltr'><em>ματος,</em></span> <span class='ocrx_word' id='word_1_48' title='bbox 423 1247 503 1310; x_wconf 91' lang='lat' dir='ltr'>quos</span> <span class='ocrx_word' id='word_1_49' title='bbox 538 1224 741 1290; x_wconf 69' lang='lat' dir='ltr'><strong>Plutarchus</strong></span> <span class='ocrx_word' id='word_1_50' title='bbox 775 1225 798 1290; x_wconf 93' lang='lat' dir='ltr'>l.</span> <span class='ocrx_word' id='word_1_51' title='bbox 829 1225 851 1288; x_wconf 93' lang='lat' dir='ltr'>l.</span> <span class='ocrx_word' id='word_1_52' title='bbox 888 1231 1141 1308; x_wconf 86' lang='lat' dir='ltr'>commemorat,</span> <span class='ocrx_word' id='word_1_53' title='bbox 1169 1220 1343 1308; x_wconf 78' lang='grc' dir='ltr'><em>κληροῦχοι</em></span> <span class='ocrx_word' id='word_1_54' title='bbox 1367 1221 1439 1288; x_wconf 86' lang='lat' dir='ltr'>fue·</span> 
     </span>
     <span class='ocr_line' id='line_1_10' title="bbox 268 1335 1440 1420; baseline -0.003 -14"><span class='ocrx_word' id='word_1_55' title='bbox 268 1341 348 1406; x_wconf 89' lang='lat' dir='ltr'>rint.</span> <span class='ocrx_word' id='word_1_56' title='bbox 358 1335 381 1420; x_wconf 91' lang='lat'>1)</span> <span class='ocrx_word' id='word_1_57' title='bbox 434 1341 522 1406; x_wconf 87' lang='lat' dir='ltr'>Nam</span> <span class='ocrx_word' id='word_1_58' title='bbox 558 1363 636 1406; x_wconf 90' lang='lat' dir='ltr'>oum</span> <span class='ocrx_word' id='word_1_59' title='bbox 667 1340 837 1404; x_wconf 88' lang='lat' dir='ltr'>nescimus</span> <span class='ocrx_word' id='word_1_60' title='bbox 879 1339 1070 1406; x_wconf 88' lang='lat' dir='ltr'>civitatem</span> <span class='ocrx_word' id='word_1_61' title='bbox 1093 1341 1135 1406; x_wconf 91' lang='lat' dir='ltr'>ab</span> <span class='ocrx_word' id='word_1_62' title='bbox 1169 1339 1440 1406; x_wconf 66' lang='lat' dir='ltr'>Atheniensibus</span> 
     </span>
     <span class='ocr_line' id='line_1_11' title="bbox 268 1455 1440 1541; baseline -0.003 -20"><span class='ocrx_word' id='word_1_63' title='bbox 268 1457 441 1522; x_wconf 80' lang='lat' dir='ltr'>subactam</span> <span class='ocrx_word' id='word_1_64' title='bbox 480 1455 579 1522; x_wconf 89' lang='lat' dir='ltr'>aliter</span> <span class='ocrx_word' id='word_1_65' title='bbox 615 1456 836 1520; x_wconf 82' lang='lat' dir='ltr'>constitutam</span> <span class='ocrx_word' id='word_1_66' title='bbox 876 1478 949 1520; x_wconf 90' lang='lat' dir='ltr'>esse</span> <span class='ocrx_word' id='word_1_67' title='bbox 984 1461 1084 1541; x_wconf 87' lang='lat' dir='ltr'>atque</span> <span class='ocrx_word' id='word_1_68' title='bbox 1119 1463 1178 1521; x_wconf 91' lang='lat' dir='ltr'>aut</span> <span class='ocrx_word' id='word_1_69' title='bbox 1211 1456 1347 1521; x_wconf 91' lang='lat' dir='ltr'>demum</span> <span class='ocrx_word' id='word_1_70' title='bbox 1381 1460 1440 1520; x_wconf 89' lang='lat' dir='ltr'>aut</span> 
     </span>
     <span class='ocr_line' id='line_1_12' title="bbox 268 1567 1440 1660; baseline -0.002 -22"><span class='ocrx_word' id='word_1_71' title='bbox 268 1573 485 1656; x_wconf 89' lang='lat' dir='ltr'>cleruobiam,</span> <span class='ocrx_word' id='word_1_72' title='bbox 525 1577 598 1638; x_wconf 89' lang='lat' dir='ltr'>tum</span> <span class='ocrx_word' id='word_1_73' title='bbox 630 1571 779 1638; x_wconf 88' lang='lat' dir='ltr'>narratio</span> <span class='ocrx_word' id='word_1_74' title='bbox 807 1572 849 1638; x_wconf 90' lang='lat' dir='ltr'>de</span> <span class='ocrx_word' id='word_1_75' title='bbox 884 1572 1018 1640; x_wconf 82' lang='lat' dir='ltr'>Solonis</span> <span class='ocrx_word' id='word_1_76' title='bbox 1053 1567 1217 1657; x_wconf 77' lang='lat' dir='ltr'>ossibus2)</span> <span class='ocrx_word' id='word_1_77' title='bbox 1252 1595 1313 1660; x_wconf 87' lang='lat' dir='ltr'>per</span> <span class='ocrx_word' id='word_1_78' title='bbox 1348 1571 1440 1638; x_wconf 82' lang='lat' dir='ltr'>Sala-</span> 
     </span>
    </p>
   </div>
   <div class='ocr_carea' id='block_1_6' title="bbox 266 1923 1441 2891">
    <p class='ocr_par' dir='ltr' id='par_1_6' title="bbox 266 1923 1441 2891">
     <span class='ocr_line' id='line_1_13' title="bbox 375 1923 1439 2001; baseline 0.003 -21"><span class='ocrx_word' id='word_1_79' title='bbox 375 1926 402 1993; x_wconf 89' lang='lat'>1)</span> <span class='ocrx_word' id='word_1_80' title='bbox 422 1925 458 1982; x_wconf 86' lang='lat' dir='ltr'>cf.</span> <span class='ocrx_word' id='word_1_81' title='bbox 479 1927 512 1981; x_wconf 81' lang='lat' dir='ltr'>G.</span> <span class='ocrx_word' id='word_1_82' title='bbox 533 1927 630 1998; x_wconf 83' lang='lat' dir='ltr'>Grote,</span> <span class='ocrx_word' id='word_1_83' title='bbox 650 1928 786 1983; x_wconf 85' lang='lat' dir='ltr'>deutsche</span> <span class='ocrx_word' id='word_1_84' title='bbox 805 1929 971 1983; x_wconf 85' lang='lat' dir='ltr'>Uebersetz.</span> <span class='ocrx_word' id='word_1_85' title='bbox 990 1931 1007 1982; x_wconf 99' lang='grc'>2</span> <span class='ocrx_word' id='word_1_86' title='bbox 1026 1929 1069 1984; x_wconf 90' lang='lat' dir='ltr'>ed.</span> <span class='ocrx_word' id='word_1_87' title='bbox 1083 1929 1114 1983; x_wconf 94' lang='grc' dir='ltr'>Π</span> <span class='ocrx_word' id='word_1_88' title='bbox 1132 1948 1159 2001; x_wconf 92' lang='lat' dir='ltr'>p.</span> <span class='ocrx_word' id='word_1_89' title='bbox 1173 1930 1207 1982; x_wconf 91' lang='grc'>72</span> <span class='ocrx_word' id='word_1_90' title='bbox 1226 1923 1292 1983; x_wconf 54' lang='lat' dir='ltr'>ann:</span> <span class='ocrx_word' id='word_1_91' title='bbox 1309 1929 1334 1982; x_wconf 82' lang='lat'>5.</span> <span class='ocrx_word' id='word_1_92' title='bbox 1344 1929 1381 1982; x_wconf 89' lang='lat' dir='ltr'>K.</span> <span class='ocrx_word' id='word_1_93' title='bbox 1392 1928 1439 1984; x_wconf 84' lang='lat' dir='ltr'>Fr.</span> 
     </span>
     <span class='ocr_line' id='line_1_14' title="bbox 267 2015 1439 2094; baseline 0.002 -26"><span class='ocrx_word' id='word_1_94' title='bbox 267 2015 440 2086; x_wconf 88' lang='lat' dir='ltr'>Herrmann,</span> <span class='ocrx_word' id='word_1_95' title='bbox 469 2017 622 2071; x_wconf 88' lang='lat' dir='ltr'>Lehrbuch</span> <span class='ocrx_word' id='word_1_96' title='bbox 650 2018 676 2072; x_wconf 90' lang='lat' dir='ltr'>d.</span> <span class='ocrx_word' id='word_1_97' title='bbox 705 2037 748 2088; x_wconf 85' lang='lat' dir='ltr'>gr.</span> <span class='ocrx_word' id='word_1_98' title='bbox 777 2015 1115 2094; x_wconf 67' lang='lat' dir='ltr'>Staatsaltertum.15§</span> <span class='ocrx_word' id='word_1_99' title='bbox 1137 2020 1187 2073; x_wconf 93' lang='grc'>117</span> <span class='ocrx_word' id='word_1_100' title='bbox 1207 2037 1273 2072; x_wconf 87' lang='lat' dir='ltr'>ann.</span> <span class='ocrx_word' id='word_1_101' title='bbox 1293 2019 1323 2087; x_wconf 73' lang='lat'>4,</span> <span class='ocrx_word' id='word_1_102' title='bbox 1350 2017 1439 2072; x_wconf 90' lang='lat' dir='ltr'>Wila-</span> 
     </span>
     <span class='ocr_line' id='line_1_15' title="bbox 266 2105 1440 2178; baseline 0.002 -20"><span class='ocrx_word' id='word_1_103' title='bbox 266 2105 598 2175; x_wconf 84' lang='lat' dir='ltr'>mowitz-Moellendorf,</span> <span class='ocrx_word' id='word_1_104' title='bbox 617 2108 740 2160; x_wconf 89' lang='lat' dir='ltr'>Hermes</span> <span class='ocrx_word' id='word_1_105' title='bbox 759 2107 827 2174; x_wconf 89' lang='lat' dir='ltr'>XH,</span> <span class='ocrx_word' id='word_1_106' title='bbox 846 2126 874 2178; x_wconf 90' lang='lat' dir='ltr'>p.</span> <span class='ocrx_word' id='word_1_107' title='bbox 888 2108 941 2160; x_wconf 81' lang='lat'>342</span> <span class='ocrx_word' id='word_1_108' title='bbox 960 2126 1025 2164; x_wconf 89' lang='lat' dir='ltr'>ann.</span> <span class='ocrx_word' id='word_1_109' title='bbox 1044 2109 1087 2177; x_wconf 81' lang='grc'>26,</span> <span class='ocrx_word' id='word_1_110' title='bbox 1108 2107 1157 2178; x_wconf 92' lang='lat' dir='ltr'>qui</span> <span class='ocrx_word' id='word_1_111' title='bbox 1171 2127 1236 2162; x_wconf 90' lang='lat' dir='ltr'>oum</span> <span class='ocrx_word' id='word_1_112' title='bbox 1248 2109 1281 2162; x_wconf 91' lang='lat' dir='ltr'>P.</span> <span class='ocrx_word' id='word_1_113' title='bbox 1292 2106 1440 2162; x_wconf 92' lang='lat' dir='ltr'>Meinhold</span> 
     </span>
     <span class='ocr_line' id='line_1_16' title="bbox 266 2193 1441 2266; baseline 0.002 -18"><span class='ocrx_word' id='word_1_114' title='bbox 266 2195 285 2248; x_wconf 91' lang='grc'>1.</span> <span class='ocrx_word' id='word_1_115' title='bbox 304 2195 322 2248; x_wconf 95' lang='lat' dir='ltr'>l.</span> <span class='ocrx_word' id='word_1_116' title='bbox 342 2213 368 2266; x_wconf 90' lang='lat' dir='ltr'>p.</span> <span class='ocrx_word' id='word_1_117' title='bbox 388 2196 423 2248; x_wconf 88' lang='grc'>21</span> <span class='ocrx_word' id='word_1_118' title='bbox 442 2193 529 2248; x_wconf 90' lang='lat' dir='ltr'>nimis</span> <span class='ocrx_word' id='word_1_119' title='bbox 548 2195 725 2250; x_wconf 84' lang='lat' dir='ltr'>confidenter</span> <span class='ocrx_word' id='word_1_120' title='bbox 743 2195 921 2266; x_wconf 84' lang='lat' dir='ltr'>Asclepiadis</span> <span class='ocrx_word' id='word_1_121' title='bbox 939 2195 1106 2250; x_wconf 90' lang='lat' dir='ltr'>testimonio</span> <span class='ocrx_word' id='word_1_122' title='bbox 1124 2215 1193 2251; x_wconf 89' lang='lat' dir='ltr'>usus</span> <span class='ocrx_word' id='word_1_123' title='bbox 1212 2202 1264 2252; x_wconf 88' lang='lat' dir='ltr'>est.</span> <span class='ocrx_word' id='word_1_124' title='bbox 1292 2195 1441 2250; x_wconf 90' lang='lat' dir='ltr'>Meinhold</span> 
     </span>
     <span class='ocr_line' id='line_1_17' title="bbox 268 2283 1439 2356; baseline 0.003 -19"><span class='ocrx_word' id='word_1_125' title='bbox 268 2283 355 2338; x_wconf 90' lang='lat' dir='ltr'>etiam</span> <span class='ocrx_word' id='word_1_126' title='bbox 377 2283 409 2338; x_wconf 90' lang='lat' dir='ltr'>in</span> <span class='ocrx_word' id='word_1_127' title='bbox 432 2283 648 2355; x_wconf 88' lang='lat' dir='ltr'>interpretando</span> <span class='ocrx_word' id='word_1_128' title='bbox 674 2285 784 2339; x_wconf 85' lang='lat' dir='ltr'>scholio</span> <span class='ocrx_word' id='word_1_129' title='bbox 813 2286 937 2356; x_wconf 90' lang='lat' dir='ltr'>quodam</span> <span class='ocrx_word' id='word_1_130' title='bbox 960 2286 1004 2340; x_wconf 87' lang='lat' dir='ltr'>ad.</span> <span class='ocrx_word' id='word_1_131' title='bbox 1028 2286 1179 2341; x_wconf 88' lang='lat' dir='ltr'>Demosth.</span> <span class='ocrx_word' id='word_1_132' title='bbox 1199 2304 1238 2340; x_wconf 91' lang='lat' dir='ltr'>or.</span> <span class='ocrx_word' id='word_1_133' title='bbox 1259 2304 1281 2340; x_wconf 87' lang='lat' dir='ltr'>o.</span> <span class='ocrx_word' id='word_1_134' title='bbox 1301 2285 1439 2340; x_wconf 86' lang='lat' dir='ltr'>Aristocr.</span> 
     </span>
     <span class='ocr_line' id='line_1_18' title="bbox 267 2373 1440 2446; baseline 0.003 -20"><span class='ocrx_word' id='word_1_135' title='bbox 267 2390 359 2444; x_wconf 89' lang='lat' dir='ltr'>nuper</span> <span class='ocrx_word' id='word_1_136' title='bbox 377 2373 496 2428; x_wconf 87' lang='lat' dir='ltr'>invento</span> <span class='ocrx_word' id='word_1_137' title='bbox 525 2373 682 2444; x_wconf 84' lang='lat' dir='ltr'>(Buelletin</span> <span class='ocrx_word' id='word_1_138' title='bbox 706 2374 741 2428; x_wconf 88' lang='lat' dir='ltr'>de</span> <span class='ocrx_word' id='word_1_139' title='bbox 765 2393 887 2446; x_wconf 83' lang='lat' dir='ltr'>corresp.</span> <span class='ocrx_word' id='word_1_140' title='bbox 907 2373 1011 2429; x_wconf 75' lang='lat' dir='ltr'>hellen.</span> <span class='ocrx_word' id='word_1_141' title='bbox 1033 2374 1113 2446; x_wconf 88' lang='grc'>1877)</span> <span class='ocrx_word' id='word_1_142' title='bbox 1133 2375 1249 2430; x_wconf 84' lang='lat' dir='ltr'>erravit.</span> <span class='ocrx_word' id='word_1_143' title='bbox 1278 2375 1440 2430; x_wconf 88' lang='lat' dir='ltr'>Secundum</span> 
     </span>
     <span class='ocr_line' id='line_1_19' title="bbox 267 2461 1439 2534; baseline 0.003 -19"><span class='ocrx_word' id='word_1_144' title='bbox 267 2461 458 2516; x_wconf 83' lang='lat' dir='ltr'>Scholiastam</span> <span class='ocrx_word' id='word_1_145' title='bbox 468 2461 500 2528; x_wconf 88' lang='lat' dir='ltr'>ei,</span> <span class='ocrx_word' id='word_1_146' title='bbox 516 2463 565 2534; x_wconf 91' lang='lat' dir='ltr'>qui</span> <span class='ocrx_word' id='word_1_147' title='bbox 577 2463 760 2533; x_wconf 84' lang='lat' dir='ltr'>Myrrhinam</span> <span class='ocrx_word' id='word_1_148' title='bbox 772 2463 921 2518; x_wconf 83' lang='lat' dir='ltr'>Pisistrati</span> <span class='ocrx_word' id='word_1_149' title='bbox 936 2464 1027 2519; x_wconf 91' lang='lat' dir='ltr'>filiam</span> <span class='ocrx_word' id='word_1_150' title='bbox 1045 2465 1260 2534; x_wconf 83' lang='lat' dir='ltr'>interfecerunt,</span> <span class='ocrx_word' id='word_1_151' title='bbox 1279 2464 1349 2518; x_wconf 88' lang='lat' dir='ltr'>iussi</span> <span class='ocrx_word' id='word_1_152' title='bbox 1362 2470 1439 2534; x_wconf 88' lang='lat' dir='ltr'>sunt,</span> 
     </span>
     <span class='ocr_line' id='line_1_20' title="bbox 266 2545 1439 2624; baseline -0.001 -19"><span class='ocrx_word' id='word_1_153' title='bbox 266 2551 411 2606; x_wconf 81' lang='lat' dir='ltr'>Salamine</span> <span class='ocrx_word' id='word_1_154' title='bbox 429 2552 460 2606; x_wconf 89' lang='lat' dir='ltr'>in</span> <span class='ocrx_word' id='word_1_155' title='bbox 478 2552 573 2606; x_wconf 83' lang='lat' dir='ltr'>insula</span> <span class='ocrx_word' id='word_1_156' title='bbox 592 2552 731 2622; x_wconf 81' lang='lat' dir='ltr'>habitare,</span> <span class='ocrx_word' id='word_1_157' title='bbox 754 2545 802 2604; x_wconf 77' lang='lat' dir='ltr'>(lui</span> <span class='ocrx_word' id='word_1_158' title='bbox 821 2545 851 2605; x_wconf 80' lang='grc' dir='ltr'>τὸ</span> <span class='ocrx_word' id='word_1_159' title='bbox 864 2546 902 2624; x_wconf 78' lang='grc' dir='ltr'>μὴ</span> <span class='ocrx_word' id='word_1_160' title='bbox 917 2555 1016 2614; x_wconf 75' lang='grc' dir='ltr'><strong><em>ἐξεῖναι</em></strong></span> <span class='ocrx_word' id='word_1_161' title='bbox 1035 2553 1206 2620; x_wconf 73' lang='grc' dir='ltr'><em>τῆςΑττικῆς</em></span> <span class='ocrx_word' id='word_1_162' title='bbox 1220 2556 1373 2621; x_wconf 75' lang='grc' dir='ltr'><strong><em>ἐπιβαίνειν</em></strong></span> <span class='ocrx_word' id='word_1_163' title='bbox 1391 2547 1439 2606; x_wconf 83' lang='grc' dir='ltr'>τὸν</span> 
     </span>
     <span class='ocr_line' id='line_1_21' title="bbox 267 2633 1439 2715; baseline 0.004 -23"><span class='ocrx_word' id='word_1_164' title='bbox 267 2633 335 2698; x_wconf 81' lang='grc' dir='ltr'><em>ὅλως</em></span> <span class='ocrx_word' id='word_1_165' title='bbox 353 2635 535 2710; x_wconf 75' lang='grc' dir='ltr'><em>φονεύσαντα.</em></span> <span class='ocrx_word' id='word_1_166' title='bbox 564 2643 721 2713; x_wconf 87' lang='lat' dir='ltr'>Perperam</span> <span class='ocrx_word' id='word_1_167' title='bbox 732 2647 829 2697; x_wconf 88' lang='lat' dir='ltr'>autem</span> <span class='ocrx_word' id='word_1_168' title='bbox 839 2643 988 2698; x_wconf 90' lang='lat' dir='ltr'>Meinhold</span> <span class='ocrx_word' id='word_1_169' title='bbox 1007 2663 1042 2698; x_wconf 82' lang='lat' dir='ltr'>ex</span> <span class='ocrx_word' id='word_1_170' title='bbox 1055 2644 1185 2698; x_wconf 88' lang='lat' dir='ltr'>hocloco</span> <span class='ocrx_word' id='word_1_171' title='bbox 1199 2645 1315 2715; x_wconf 83' lang='lat' dir='ltr'>collegit</span> <span class='ocrx_word' id='word_1_172' title='bbox 1335 2642 1372 2715; x_wconf 87' lang='lat' dir='ltr'>(p.</span> <span class='ocrx_word' id='word_1_173' title='bbox 1383 2645 1439 2714; x_wconf 80' lang='lat'>22),</span> 
     </span>
     <span class='ocr_line' id='line_1_22' title="bbox 266 2727 1439 2802; baseline 0.001 -19"><span class='ocrx_word' id='word_1_174' title='bbox 266 2729 413 2784; x_wconf 86' lang='lat' dir='ltr'>Salamina</span> <span class='ocrx_word' id='word_1_175' title='bbox 431 2737 495 2784; x_wconf 89' lang='lat' dir='ltr'>tum</span> <span class='ocrx_word' id='word_1_176' title='bbox 513 2749 572 2784; x_wconf 88' lang='lat' dir='ltr'>non</span> <span class='ocrx_word' id='word_1_177' title='bbox 590 2737 702 2802; x_wconf 88' lang='lat' dir='ltr'>partem</span> <span class='ocrx_word' id='word_1_178' title='bbox 721 2730 837 2786; x_wconf 89' lang='lat' dir='ltr'>Atticae</span> <span class='ocrx_word' id='word_1_179' title='bbox 855 2731 952 2787; x_wconf 88' lang='lat' dir='ltr'>fuisse.</span> <span class='ocrx_word' id='word_1_180' title='bbox 981 2733 1083 2788; x_wconf 90' lang='lat' dir='ltr'>Potuit</span> <span class='ocrx_word' id='word_1_181' title='bbox 1096 2733 1172 2788; x_wconf 91' lang='lat' dir='ltr'>enim</span> <span class='ocrx_word' id='word_1_182' title='bbox 1191 2733 1287 2799; x_wconf 86' lang='lat' dir='ltr'>verbis</span> <span class='ocrx_word' id='word_1_183' title='bbox 1306 2727 1439 2800; x_wconf 76' lang='grc' dir='ltr'><em>ἡἈττική</em></span> 
     </span>
     <span class='ocr_line' id='line_1_23' title="bbox 266 2813 741 2891; baseline 0.004 -19"><span class='ocrx_word' id='word_1_184' title='bbox 266 2820 351 2874; x_wconf 90' lang='lat' dir='ltr'>modo</span> <span class='ocrx_word' id='word_1_185' title='bbox 370 2813 385 2885; x_wconf 75' lang='grc' dir='ltr'><em>ἦ</em></span> <span class='ocrx_word' id='word_1_186' title='bbox 406 2822 434 2872; x_wconf 78' lang='grc' dir='ltr'>ἐν</span> <span class='ocrx_word' id='word_1_187' title='bbox 453 2813 556 2890; x_wconf 71' lang='grc' dir='ltr'><em>ἠπείρῳ</em></span> <span class='ocrx_word' id='word_1_188' title='bbox 575 2821 741 2891; x_wconf 85' lang='lat' dir='ltr'>significari.</span> 
     </span>
    </p>
   </div>
   <div class='ocr_carea' id='block_1_7' title="bbox 266 2963 1439 4562">
    <p class='ocr_par' dir='ltr' id='par_1_7' title="bbox 266 2963 1439 4562">
     <span class='ocr_line' id='line_1_24' title="bbox 373 2963 1438 3038; baseline 0.008 -23"><span class='ocrx_word' id='word_1_189' title='bbox 373 2964 497 3029; x_wconf 88' lang='grc' dir='ltr'>2)Ρ1111.</span> <span class='ocrx_word' id='word_1_190' title='bbox 517 2963 604 3018; x_wconf 88' lang='lat' dir='ltr'>Solon</span> <span class='ocrx_word' id='word_1_191' title='bbox 624 2983 646 3018; x_wconf 88' lang='lat' dir='ltr'>c.</span> <span class='ocrx_word' id='word_1_192' title='bbox 665 2965 700 3019; x_wconf 84' lang='grc'>82</span> <span class='ocrx_word' id='word_1_193' title='bbox 719 2970 748 3019; x_wconf 91' lang='lat' dir='ltr'>et</span> <span class='ocrx_word' id='word_1_194' title='bbox 766 2966 862 3020; x_wconf 77' lang='lat' dir='ltr'>Laert.</span> <span class='ocrx_word' id='word_1_195' title='bbox 881 2966 1043 3038; x_wconf 87' lang='lat' dir='ltr'>Diogenem</span> <span class='ocrx_word' id='word_1_196' title='bbox 1061 2967 1085 3036; x_wconf 92' lang='lat' dir='ltr'>I,</span> <span class='ocrx_word' id='word_1_197' title='bbox 1105 2968 1147 3020; x_wconf 86' lang='grc'>62.</span> <span class='ocrx_word' id='word_1_198' title='bbox 1182 2967 1226 3022; x_wconf 90' lang='lat' dir='ltr'>Ab</span> <span class='ocrx_word' id='word_1_199' title='bbox 1253 2968 1299 3022; x_wconf 90' lang='lat' dir='ltr'>his</span> <span class='ocrx_word' id='word_1_200' title='bbox 1318 2968 1438 3023; x_wconf 87' lang='lat' dir='ltr'>dissidet</span> 
     </span>
     <span class='ocr_line' id='line_1_25' title="bbox 266 3047 1435 3128; baseline 0.003 -24"><span class='ocrx_word' id='word_1_201' title='bbox 266 3048 405 3106; x_wconf 87' lang='lat' dir='ltr'>Aelianus</span> <span class='ocrx_word' id='word_1_202' title='bbox 424 3071 450 3107; x_wconf 82' lang='lat' dir='ltr'>r.</span> <span class='ocrx_word' id='word_1_203' title='bbox 470 3053 497 3107; x_wconf 91' lang='lat' dir='ltr'>h.</span> <span class='ocrx_word' id='word_1_204' title='bbox 517 3054 540 3123; x_wconf 89' lang='lat' dir='ltr'>I,</span> <span class='ocrx_word' id='word_1_205' title='bbox 562 3053 607 3106; x_wconf 84' lang='lat'>16:</span> <span class='ocrx_word' id='word_1_206' title='bbox 635 3055 748 3121; x_wconf 68' lang='grc' dir='ltr'><strong><em>ἔθαψαν</em></strong></span> <span class='ocrx_word' id='word_1_207' title='bbox 768 3047 852 3106; x_wconf 78' lang='grc' dir='ltr'><em>αὐτὸν</em></span> <span class='ocrx_word' id='word_1_208' title='bbox 876 3053 946 3126; x_wconf 90' lang='lat' dir='ltr'>(scil.</span> <span class='ocrx_word' id='word_1_209' title='bbox 966 3055 1111 3127; x_wconf 86' lang='lat' dir='ltr'>Solonem)</span> <span class='ocrx_word' id='word_1_210' title='bbox 1135 3055 1259 3128; x_wconf 72' lang='grc' dir='ltr'><em>δημοσίᾳ</em></span> <span class='ocrx_word' id='word_1_211' title='bbox 1279 3050 1356 3128; x_wconf 74' lang='grc' dir='ltr'>παρὰ</span> <span class='ocrx_word' id='word_1_212' title='bbox 1375 3062 1435 3116; x_wconf 84' lang='grc' dir='ltr'><em>τοῖς</em></span> 
     </span>
     <span class='ocr_line' id='line_1_26' title="bbox 268 3134 1438 3217; baseline 0.005 -26"><span class='ocrx_word' id='word_1_213' title='bbox 268 3143 367 3199; x_wconf 62' lang='lat' dir='ltr'>soleis</span> <span class='ocrx_word' id='word_1_214' title='bbox 386 3134 454 3211; x_wconf 82' lang='grc' dir='ltr'><em>πρὸς</em></span> <span class='ocrx_word' id='word_1_215' title='bbox 472 3141 509 3209; x_wconf 73' lang='grc' dir='ltr'>τῷ</span> <span class='ocrx_word' id='word_1_216' title='bbox 536 3148 619 3211; x_wconf 82' lang='grc' dir='ltr'><em>τείχει</em></span> <span class='ocrx_word' id='word_1_217' title='bbox 643 3145 672 3194; x_wconf 64' lang='grc' dir='ltr'>ἐν</span> <span class='ocrx_word' id='word_1_218' title='bbox 691 3143 767 3211; x_wconf 65' lang='grc' dir='ltr'><em>δεξιᾷ</em></span> <span class='ocrx_word' id='word_1_219' title='bbox 796 3137 926 3196; x_wconf 75' lang='grc' dir='ltr'>ἐσιόντων</span> <span class='ocrx_word' id='word_1_220' title='bbox 948 3149 995 3196; x_wconf 85' lang='grc' dir='ltr'>καὶ</span> <span class='ocrx_word' id='word_1_221' title='bbox 1023 3141 1276 3217; x_wconf 72' lang='grc' dir='ltr'><em>περοῳκοὸόμησαν</em></span> <span class='ocrx_word' id='word_1_222' title='bbox 1295 3141 1368 3215; x_wconf 69' lang='lat' dir='ltr'>{trimi</span> <span class='ocrx_word' id='word_1_223' title='bbox 1390 3139 1438 3200; x_wconf 81' lang='grc' dir='ltr'>τὸν</span> 
     </span>
     <span class='ocr_line' id='line_1_27' title="bbox 266 3223 1437 3308; baseline 0.009 -27"><span class='ocrx_word' id='word_1_224' title='bbox 266 3223 365 3300; x_wconf 79' lang='grc' dir='ltr'><em>τάφον.</em></span> <span class='ocrx_word' id='word_1_225' title='bbox 403 3231 484 3297; x_wconf 78' lang='lat' dir='ltr'>Quod</span> <span class='ocrx_word' id='word_1_226' title='bbox 504 3231 527 3286; x_wconf 94' lang='lat' dir='ltr'>si</span> <span class='ocrx_word' id='word_1_227' title='bbox 546 3231 634 3286; x_wconf 87' lang='lat' dir='ltr'>fidem</span> <span class='ocrx_word' id='word_1_228' title='bbox 652 3233 723 3287; x_wconf 81' lang='lat' dir='ltr'>facit</span> <span class='ocrx_word' id='word_1_229' title='bbox 741 3232 777 3288; x_wconf 92' lang='lat' dir='ltr'>U.</span> <span class='ocrx_word' id='word_1_230' title='bbox 798 3234 833 3288; x_wconf 90' lang='lat' dir='ltr'>de</span> <span class='ocrx_word' id='word_1_231' title='bbox 851 3233 1256 3290; x_wconf 84' lang='lat' dir='ltr'>Wilamowitz·Moellendorf</span> <span class='ocrx_word' id='word_1_232' title='bbox 1271 3237 1437 3308; x_wconf 86' lang='lat' dir='ltr'>Antigonos</span> 
     </span>
     <span class='ocr_line' id='line_1_28' title="bbox 266 3320 1437 3397; baseline 0.004 -23"><span class='ocrx_word' id='word_1_233' title='bbox 266 3337 293 3374; x_wconf 89' lang='lat' dir='ltr'>v.</span> <span class='ocrx_word' id='word_1_234' title='bbox 313 3321 458 3391; x_wconf 87' lang='lat' dir='ltr'>Karystos</span> <span class='ocrx_word' id='word_1_235' title='bbox 476 3320 507 3375; x_wconf 91' lang='lat' dir='ltr'>in</span> <span class='ocrx_word' id='word_1_236' title='bbox 524 3321 668 3392; x_wconf 87' lang='lat' dir='ltr'>Philolog.</span> <span class='ocrx_word' id='word_1_237' title='bbox 687 3322 962 3394; x_wconf 83' lang='lat' dir='ltr'>Untersuchungen,</span> <span class='ocrx_word' id='word_1_238' title='bbox 981 3325 1055 3378; x_wconf 81' lang='lat' dir='ltr'>Heft</span> <span class='ocrx_word' id='word_1_239' title='bbox 1073 3325 1098 3395; x_wconf 81' lang='lat'>4,</span> <span class='ocrx_word' id='word_1_240' title='bbox 1119 3325 1217 3379; x_wconf 85' lang='lat' dir='ltr'>Berlin</span> <span class='ocrx_word' id='word_1_241' title='bbox 1232 3327 1309 3394; x_wconf 86' lang='lat'>1881,</span> <span class='ocrx_word' id='word_1_242' title='bbox 1329 3345 1356 3397; x_wconf 92' lang='lat' dir='ltr'>p.</span> <span class='ocrx_word' id='word_1_243' title='bbox 1376 3327 1437 3395; x_wconf 87' lang='lat'>343,</span> 
     </span>
     <span class='ocr_line' id='line_1_29' title="bbox 266 3409 1435 3485; baseline 0.003 -22"><span class='ocrx_word' id='word_1_244' title='bbox 266 3409 353 3464; x_wconf 88' lang='lat' dir='ltr'>etiam</span> <span class='ocrx_word' id='word_1_245' title='bbox 373 3411 504 3480; x_wconf 89' lang='lat' dir='ltr'>sepulcra</span> <span class='ocrx_word' id='word_1_246' title='bbox 522 3427 620 3465; x_wconf 89' lang='lat' dir='ltr'>eorum</span> <span class='ocrx_word' id='word_1_247' title='bbox 640 3411 675 3465; x_wconf 89' lang='lat' dir='ltr'>ab</span> <span class='ocrx_word' id='word_1_248' title='bbox 694 3412 920 3468; x_wconf 82' lang='lat' dir='ltr'>Atheniensibus</span> <span class='ocrx_word' id='word_1_249' title='bbox 940 3419 1087 3468; x_wconf 86' lang='lat' dir='ltr'>exstructa</span> <span class='ocrx_word' id='word_1_250' title='bbox 1113 3421 1181 3469; x_wconf 90' lang='lat' dir='ltr'>sunt</span> <span class='ocrx_word' id='word_1_251' title='bbox 1205 3409 1307 3485; x_wconf 79' lang='grc' dir='ltr'><em>(τάφον</em></span> <span class='ocrx_word' id='word_1_252' title='bbox 1326 3413 1435 3467; x_wconf 69' lang='grc' dir='ltr'><em>οἰκοδο-</em></span> 
     </span>
     <span class='ocr_line' id='line_1_30' title="bbox 268 3500 1439 3576; baseline 0.005 -24"><span class='ocrx_word' id='word_1_253' title='bbox 268 3500 352 3568; x_wconf 82' lang='grc' dir='ltr'><em>μεῖν),</em></span> <span class='ocrx_word' id='word_1_254' title='bbox 374 3519 496 3570; x_wconf 90' lang='lat' dir='ltr'>quorum</span> <span class='ocrx_word' id='word_1_255' title='bbox 516 3518 581 3554; x_wconf 87' lang='lat' dir='ltr'>ossa</span> <span class='ocrx_word' id='word_1_256' title='bbox 599 3500 723 3556; x_wconf 90' lang='lat' dir='ltr'>Athenis</span> <span class='ocrx_word' id='word_1_257' title='bbox 742 3503 854 3572; x_wconf 87' lang='lat' dir='ltr'>sepulta</span> <span class='ocrx_word' id='word_1_258' title='bbox 876 3521 934 3556; x_wconf 90' lang='lat' dir='ltr'>non</span> <span class='ocrx_word' id='word_1_259' title='bbox 954 3511 1044 3558; x_wconf 87' lang='lat' dir='ltr'>erant.</span> <span class='ocrx_word' id='word_1_260' title='bbox 1064 3503 1110 3557; x_wconf 87' lang='lat' dir='ltr'>Ex</span> <span class='ocrx_word' id='word_1_261' title='bbox 1120 3504 1175 3559; x_wconf 88' lang='lat' dir='ltr'>hoc</span> <span class='ocrx_word' id='word_1_262' title='bbox 1185 3506 1314 3576; x_wconf 88' lang='lat' dir='ltr'>sepulcro</span> <span class='ocrx_word' id='word_1_263' title='bbox 1325 3504 1439 3559; x_wconf 90' lang='lat' dir='ltr'>Aeliani</span> 
     </span>
     <span class='ocr_line' id='line_1_31' title="bbox 268 3589 1438 3664; baseline 0.006 -24"><span class='ocrx_word' id='word_1_264' title='bbox 268 3593 367 3642; x_wconf 87' lang='lat' dir='ltr'>auctor</span> <span class='ocrx_word' id='word_1_265' title='bbox 384 3589 480 3644; x_wconf 88' lang='lat' dir='ltr'>nescio</span> <span class='ocrx_word' id='word_1_266' title='bbox 500 3609 538 3644; x_wconf 90' lang='lat' dir='ltr'>an</span> <span class='ocrx_word' id='word_1_267' title='bbox 557 3589 691 3645; x_wconf 86' lang='lat' dir='ltr'>Solonem</span> <span class='ocrx_word' id='word_1_268' title='bbox 708 3589 749 3644; x_wconf 92' lang='lat' dir='ltr'>ibi</span> <span class='ocrx_word' id='word_1_269' title='bbox 767 3593 913 3663; x_wconf 89' lang='lat' dir='ltr'>sepultum</span> <span class='ocrx_word' id='word_1_270' title='bbox 932 3610 993 3647; x_wconf 89' lang='lat' dir='ltr'>esse</span> <span class='ocrx_word' id='word_1_271' title='bbox 1013 3594 1168 3664; x_wconf 86' lang='lat' dir='ltr'>collegerit.</span> <span class='ocrx_word' id='word_1_272' title='bbox 1200 3625 1231 3632; x_wconf 85' lang='lat'>—</span> <span class='ocrx_word' id='word_1_273' title='bbox 1260 3595 1312 3648; x_wconf 81' lang='lat' dir='ltr'>Th.</span> <span class='ocrx_word' id='word_1_274' title='bbox 1332 3595 1438 3664; x_wconf 88' lang='lat' dir='ltr'>Bergk,</span> 
     </span>
     <span class='ocr_line' id='line_1_32' title="bbox 269 3676 1437 3754; baseline 0.008 -25"><span class='ocrx_word' id='word_1_275' title='bbox 269 3676 426 3732; x_wconf 79' lang='lat' dir='ltr'>Commeat.</span> <span class='ocrx_word' id='word_1_276' title='bbox 455 3679 490 3734; x_wconf 90' lang='lat' dir='ltr'>de</span> <span class='ocrx_word' id='word_1_277' title='bbox 518 3679 617 3750; x_wconf 89' lang='lat' dir='ltr'>reliqu.</span> <span class='ocrx_word' id='word_1_278' title='bbox 638 3682 764 3736; x_wconf 90' lang='lat' dir='ltr'>comoed.</span> <span class='ocrx_word' id='word_1_279' title='bbox 794 3687 845 3735; x_wconf 89' lang='lat' dir='ltr'>att.</span> <span class='ocrx_word' id='word_1_280' title='bbox 867 3688 924 3736; x_wconf 89' lang='lat' dir='ltr'>ant.</span> <span class='ocrx_word' id='word_1_281' title='bbox 944 3682 1009 3737; x_wconf 91' lang='lat' dir='ltr'>libri</span> <span class='ocrx_word' id='word_1_282' title='bbox 1037 3683 1093 3738; x_wconf 87' lang='lat' dir='ltr'>duo</span> <span class='ocrx_word' id='word_1_283' title='bbox 1122 3703 1148 3754; x_wconf 92' lang='lat' dir='ltr'>p.</span> <span class='ocrx_word' id='word_1_284' title='bbox 1177 3685 1230 3737; x_wconf 78' lang='lat'>240</span> <span class='ocrx_word' id='word_1_285' title='bbox 1257 3683 1437 3738; x_wconf 84' lang='lat' dir='ltr'>inventorem</span> 
     </span>
     <span class='ocr_line' id='line_1_33' title="bbox 270 3764 1438 3842; baseline 0.008 -25"><span class='ocrx_word' id='word_1_286' title='bbox 270 3764 418 3822; x_wconf 81' lang='lat' dir='ltr'>Cratinum</span> <span class='ocrx_word' id='word_1_287' title='bbox 436 3769 533 3840; x_wconf 90' lang='lat' dir='ltr'>putari</span> <span class='ocrx_word' id='word_1_288' title='bbox 552 3771 624 3824; x_wconf 86' lang='lat' dir='ltr'>vult.</span> <span class='ocrx_word' id='word_1_289' title='bbox 661 3772 783 3825; x_wconf 87' lang='lat' dir='ltr'>Poetam</span> <span class='ocrx_word' id='word_1_290' title='bbox 802 3771 988 3842; x_wconf 86' lang='lat' dir='ltr'>significasse,</span> <span class='ocrx_word' id='word_1_291' title='bbox 1009 3792 1026 3826; x_wconf 90' lang='lat' dir='ltr'>a</span> <span class='ocrx_word' id='word_1_292' title='bbox 1045 3773 1150 3828; x_wconf 86' lang='lat' dir='ltr'>Solone</span> <span class='ocrx_word' id='word_1_293' title='bbox 1169 3774 1215 3828; x_wconf 90' lang='lat' dir='ltr'>vel</span> <span class='ocrx_word' id='word_1_294' title='bbox 1234 3778 1348 3826; x_wconf 90' lang='lat' dir='ltr'>mortuo</span> <span class='ocrx_word' id='word_1_295' title='bbox 1362 3773 1438 3826; x_wconf 89' lang='lat' dir='ltr'>insu-</span> 
     </span>
     <span class='ocr_line' id='line_1_34' title="bbox 268 3854 1438 3934; baseline 0.009 -28"><span class='ocrx_word' id='word_1_296' title='bbox 268 3854 326 3907; x_wconf 90' lang='lat' dir='ltr'>lam</span> <span class='ocrx_word' id='word_1_297' title='bbox 345 3856 422 3910; x_wconf 91' lang='lat' dir='ltr'>omni</span> <span class='ocrx_word' id='word_1_298' title='bbox 441 3877 508 3912; x_wconf 89' lang='lat' dir='ltr'>cura</span> <span class='ocrx_word' id='word_1_299' title='bbox 527 3860 737 3931; x_wconf 86' lang='lat' dir='ltr'>comprehendi.</span> <span class='ocrx_word' id='word_1_300' title='bbox 775 3859 872 3931; x_wconf 86' lang='lat' dir='ltr'>Atque</span> <span class='ocrx_word' id='word_1_301' title='bbox 890 3861 979 3916; x_wconf 89' lang='lat' dir='ltr'>Henr.</span> <span class='ocrx_word' id='word_1_302' title='bbox 1000 3862 1168 3932; x_wconf 85' lang='lat' dir='ltr'>Begemann</span> <span class='ocrx_word' id='word_1_303' title='bbox 1187 3880 1228 3933; x_wconf 93' lang='lat' dir='ltr'>sp.</span> <span class='ocrx_word' id='word_1_304' title='bbox 1248 3863 1263 3916; x_wconf 96' lang='grc' dir='ltr'>Ι</span> <span class='ocrx_word' id='word_1_305' title='bbox 1282 3863 1299 3916; x_wconf 98' lang='lat' dir='ltr'>l.</span> <span class='ocrx_word' id='word_1_306' title='bbox 1319 3863 1337 3916; x_wconf 91' lang='lat' dir='ltr'>l.</span> <span class='ocrx_word' id='word_1_307' title='bbox 1356 3883 1383 3934; x_wconf 89' lang='lat' dir='ltr'>p.</span> <span class='ocrx_word' id='word_1_308' title='bbox 1403 3865 1438 3916; x_wconf 81' lang='lat'>25</span> 
     </span>
     <span class='ocr_line' id='line_1_35' title="bbox 269 3943 1437 4023; baseline 0.007 -25"><span class='ocrx_word' id='word_1_309' title='bbox 269 3961 304 3998; x_wconf 82' lang='lat' dir='ltr'>ex</span> <span class='ocrx_word' id='word_1_310' title='bbox 322 3943 377 3996; x_wconf 86' lang='lat' dir='ltr'>hac</span> <span class='ocrx_word' id='word_1_311' title='bbox 395 3947 559 4002; x_wconf 82' lang='lat' dir='ltr'>narratione</span> <span class='ocrx_word' id='word_1_312' title='bbox 578 3967 666 4020; x_wconf 89' lang='lat' dir='ltr'>quam</span> <span class='ocrx_word' id='word_1_313' title='bbox 684 3951 860 4006; x_wconf 87' lang='lat' dir='ltr'>Plutarchus</span> <span class='ocrx_word' id='word_1_314' title='bbox 880 3969 901 4005; x_wconf 91' lang='lat' dir='ltr'>c.</span> <span class='ocrx_word' id='word_1_315' title='bbox 922 3951 955 4004; x_wconf 88' lang='lat'>31</span> <span class='ocrx_word' id='word_1_316' title='bbox 969 3951 1099 4022; x_wconf 91' lang='lat' dir='ltr'>protulit,</span> <span class='ocrx_word' id='word_1_317' title='bbox 1120 3951 1244 4023; x_wconf 84' lang='lat' dir='ltr'>collegit,</span> <span class='ocrx_word' id='word_1_318' title='bbox 1264 3952 1299 4006; x_wconf 90' lang='lat' dir='ltr'>ab</span> <span class='ocrx_word' id='word_1_319' title='bbox 1313 3958 1437 4022; x_wconf 88' lang='lat' dir='ltr'>auctore,</span> 
     </span>
     <span class='ocr_line' id='line_1_36' title="bbox 267 4035 1438 4112; baseline 0.008 -25"><span class='ocrx_word' id='word_1_320' title='bbox 267 4050 352 4104; x_wconf 84' lang='lat' dir='ltr'>quem</span> <span class='ocrx_word' id='word_1_321' title='bbox 371 4040 485 4088; x_wconf 88' lang='lat' dir='ltr'>secutus</span> <span class='ocrx_word' id='word_1_322' title='bbox 504 4035 542 4090; x_wconf 88' lang='lat' dir='ltr'>sit</span> <span class='ocrx_word' id='word_1_323' title='bbox 561 4039 743 4106; x_wconf 84' lang='lat' dir='ltr'>Plutarchus,</span> <span class='ocrx_word' id='word_1_324' title='bbox 763 4039 793 4094; x_wconf 89' lang='lat' dir='ltr'>id</span> <span class='ocrx_word' id='word_1_325' title='bbox 812 4046 855 4094; x_wconf 89' lang='lat' dir='ltr'>est</span> <span class='ocrx_word' id='word_1_326' title='bbox 875 4041 910 4094; x_wconf 89' lang='lat' dir='ltr'>ab</span> <span class='ocrx_word' id='word_1_327' title='bbox 931 4040 1091 4112; x_wconf 89' lang='lat' dir='ltr'>Hermippo</span> <span class='ocrx_word' id='word_1_328' title='bbox 1110 4041 1250 4094; x_wconf 89' lang='lat' dir='ltr'>traditum</span> <span class='ocrx_word' id='word_1_329' title='bbox 1270 4059 1340 4112; x_wconf 85' lang='lat' dir='ltr'>esse,</span> <span class='ocrx_word' id='word_1_330' title='bbox 1360 4041 1438 4096; x_wconf 91' lang='lat' dir='ltr'>Solo-</span> 
     </span>
     <span class='ocr_line' id='line_1_37' title="bbox 266 4122 1437 4186; baseline 0.008 -10"><span class='ocrx_word' id='word_1_331' title='bbox 266 4141 333 4177; x_wconf 92' lang='lat' dir='ltr'>nem</span> <span class='ocrx_word' id='word_1_332' title='bbox 352 4139 411 4176; x_wconf 91' lang='lat' dir='ltr'>non</span> <span class='ocrx_word' id='word_1_333' title='bbox 429 4122 552 4179; x_wconf 88' lang='lat' dir='ltr'>Athenis</span> <span class='ocrx_word' id='word_1_334' title='bbox 579 4133 726 4182; x_wconf 89' lang='lat' dir='ltr'>mortuum</span> <span class='ocrx_word' id='word_1_335' title='bbox 755 4147 824 4184; x_wconf 88' lang='lat' dir='ltr'>esse.</span> <span class='ocrx_word' id='word_1_336' title='bbox 862 4130 889 4182; x_wconf 90' lang='lat' dir='ltr'>A</span> <span class='ocrx_word' id='word_1_337' title='bbox 912 4129 1070 4183; x_wconf 88' lang='lat' dir='ltr'>Plutarcho</span> <span class='ocrx_word' id='word_1_338' title='bbox 1099 4134 1196 4184; x_wconf 86' lang='lat' dir='ltr'>autem</span> <span class='ocrx_word' id='word_1_339' title='bbox 1225 4131 1286 4186; x_wconf 86' lang='lat' dir='ltr'>sive</span> <span class='ocrx_word' id='word_1_340' title='bbox 1315 4133 1437 4186; x_wconf 87' lang='lat' dir='ltr'>alterum</span> 
     </span>
     <span class='ocr_line' id='line_1_38' title="bbox 267 4216 1438 4288; baseline 0.009 -24"><span class='ocrx_word' id='word_1_341' title='bbox 267 4217 384 4266; x_wconf 87' lang='lat' dir='ltr'>secutus</span> <span class='ocrx_word' id='word_1_342' title='bbox 404 4217 559 4286; x_wconf 87' lang='lat' dir='ltr'>auctorem,</span> <span class='ocrx_word' id='word_1_343' title='bbox 588 4216 648 4272; x_wconf 90' lang='lat' dir='ltr'>sive</span> <span class='ocrx_word' id='word_1_344' title='bbox 667 4217 744 4288; x_wconf 90' lang='lat' dir='ltr'>quod</span> <span class='ocrx_word' id='word_1_345' title='bbox 757 4219 799 4272; x_wconf 88' lang='lat' dir='ltr'>ad</span> <span class='ocrx_word' id='word_1_346' title='bbox 817 4218 905 4272; x_wconf 88' lang='lat' dir='ltr'>finem</span> <span class='ocrx_word' id='word_1_347' title='bbox 924 4217 1101 4288; x_wconf 81' lang='lat' dir='ltr'>festinasset,</span> <span class='ocrx_word' id='word_1_348' title='bbox 1129 4237 1218 4274; x_wconf 87' lang='lat' dir='ltr'>unam</span> <span class='ocrx_word' id='word_1_349' title='bbox 1241 4221 1438 4275; x_wconf 86' lang='lat' dir='ltr'>narrationem</span> 
     </span>
     <span class='ocr_line' id='line_1_39' title="bbox 267 4305 1438 4381; baseline 0.009 -27"><span class='ocrx_word' id='word_1_350' title='bbox 267 4307 530 4372; x_wconf 85' lang='lat' dir='ltr'>commemoratam,</span> <span class='ocrx_word' id='word_1_351' title='bbox 550 4305 670 4360; x_wconf 85' lang='lat' dir='ltr'>alteram</span> <span class='ocrx_word' id='word_1_352' title='bbox 690 4307 826 4361; x_wconf 88' lang='lat' dir='ltr'>omissam</span> <span class='ocrx_word' id='word_1_353' title='bbox 845 4325 913 4362; x_wconf 85' lang='lat' dir='ltr'>esse.</span> <span class='ocrx_word' id='word_1_354' title='bbox 945 4308 1008 4362; x_wconf 81' lang='lat' dir='ltr'>iam</span> <span class='ocrx_word' id='word_1_355' title='bbox 1026 4307 1153 4378; x_wconf 90' lang='lat' dir='ltr'>primum</span> <span class='ocrx_word' id='word_1_356' title='bbox 1166 4328 1183 4362; x_wconf 85' lang='lat' dir='ltr'>a</span> <span class='ocrx_word' id='word_1_357' title='bbox 1200 4309 1330 4381; x_wconf 87' lang='lat' dir='ltr'>Diogene</span> <span class='ocrx_word' id='word_1_358' title='bbox 1348 4310 1438 4364; x_wconf 91' lang='lat' dir='ltr'>histo·</span> 
     </span>
     <span class='ocr_line' id='line_1_40' title="bbox 267 4389 1438 4471; baseline 0.009 -28"><span class='ocrx_word' id='word_1_359' title='bbox 267 4389 340 4446; x_wconf 91' lang='lat' dir='ltr'>riam</span> <span class='ocrx_word' id='word_1_360' title='bbox 358 4392 438 4446; x_wconf 91' lang='lat' dir='ltr'>illam</span> <span class='ocrx_word' id='word_1_361' title='bbox 463 4392 577 4463; x_wconf 90' lang='lat' dir='ltr'>quidem</span> <span class='ocrx_word' id='word_1_362' title='bbox 605 4396 639 4450; x_wconf 90' lang='lat' dir='ltr'>de</span> <span class='ocrx_word' id='word_1_363' title='bbox 664 4396 777 4451; x_wconf 85' lang='lat' dir='ltr'>Solonis</span> <span class='ocrx_word' id='word_1_364' title='bbox 802 4397 832 4450; x_wconf 90' lang='lat' dir='ltr'>in</span> <span class='ocrx_word' id='word_1_365' title='bbox 852 4395 947 4468; x_wconf 82' lang='lat' dir='ltr'>Cypro</span> <span class='ocrx_word' id='word_1_366' title='bbox 967 4403 1059 4452; x_wconf 87' lang='lat' dir='ltr'>morte</span> <span class='ocrx_word' id='word_1_367' title='bbox 1078 4417 1137 4453; x_wconf 92' lang='lat' dir='ltr'>non</span> <span class='ocrx_word' id='word_1_368' title='bbox 1156 4416 1191 4453; x_wconf 83' lang='lat' dir='ltr'>ex</span> <span class='ocrx_word' id='word_1_369' title='bbox 1209 4399 1369 4471; x_wconf 87' lang='lat' dir='ltr'>Hermippo</span> <span class='ocrx_word' id='word_1_370' title='bbox 1388 4400 1438 4454; x_wconf 89' lang='lat' dir='ltr'>sed</span> 
     </span>
     <span class='ocr_line' id='line_1_41' title="bbox 268 4478 1437 4562; baseline 0.009 -30"><span class='ocrx_word' id='word_1_371' title='bbox 268 4478 435 4538; x_wconf 83' lang='lat' dir='ltr'>eSosicrate</span> <span class='ocrx_word' id='word_1_372' title='bbox 446 4482 647 4557; x_wconf 89' lang='lat' dir='ltr'>depromptam</span> <span class='ocrx_word' id='word_1_373' title='bbox 658 4502 719 4541; x_wconf 87' lang='lat' dir='ltr'>esse</span> <span class='ocrx_word' id='word_1_374' title='bbox 734 4504 821 4558; x_wconf 88' lang='lat' dir='ltr'>supra</span> <span class='ocrx_word' id='word_1_375' title='bbox 829 4486 897 4558; x_wconf 82' lang='lat' dir='ltr'>p.37</span> <span class='ocrx_word' id='word_1_376' title='bbox 904 4486 1034 4542; x_wconf 87' lang='lat' dir='ltr'>evincere</span> <span class='ocrx_word' id='word_1_377' title='bbox 1044 4493 1166 4544; x_wconf 87' lang='lat' dir='ltr'>conatus</span> <span class='ocrx_word' id='word_1_378' title='bbox 1175 4505 1248 4542; x_wconf 90' lang='lat' dir='ltr'>sum.</span> <span class='ocrx_word' id='word_1_379' title='bbox 1263 4487 1346 4556; x_wconf 84' lang='lat' dir='ltr'>Quod</span> <span class='ocrx_word' id='word_1_380' title='bbox 1351 4507 1437 4562; x_wconf 89' lang='lat' dir='ltr'>porro</span> 
     </span>
    </p>
   </div>
   <div class='ocr_carea' id='block_1_8' title="bbox 0 0 1656 4914">
    <p class='ocr_par' dir='ltr' id='par_1_8' title="bbox 0 0 1656 4914">
     <span class='ocr_line' id='line_1_42' title="bbox 0 0 1656 4914; baseline 0 0"><span class='ocrx_word' id='word_1_381' title='bbox 0 0 1656 4914; x_wconf 95' lang='lat' dir='ltr'> </span> 
     </span>
    </p>
   </div>
  </div>
 </body>
</html>
