3302 4914
802 265 845 334 36

720 359 932 368 -—-———-

788 486 863 564 ξ3.

346 617 469 683 Restat
491 623 530 682 ut
553 618 784 704 exquiramus,
820 642 966 704 quonam
997 626 1132 686 auctore
1154 642 1236 686 usus
1260 623 1306 687 sit
1329 624 1411 690 Dio-

241 733 341 799 dorus
370 734 407 799 in
436 734 489 799 his
518 733 641 800 fabulis
670 735 888 822 exponendis,
934 737 1037 802 Hunc
1065 742 1178 801 autem
1208 737 1410 804 Alexandri-

240 873 362 916 norum
386 856 496 916 aetate
519 849 635 935 fuisse,
661 874 737 916 cum
761 875 780 917 e
803 875 970 917 consensu
991 876 1068 918 cum
1083 853 1239 939 Diogene
1261 863 1409 942 apparet,

239 973 313 1032 tum
346 966 411 1031 hoc
444 966 618 1052 probatur,
656 967 745 1053 quod
772 968 830 1032 ille
857 969 1030 1034 neminem
1054 976 1185 1055 septem
1210 970 1411 1056 sapientum

240 1083 362 1148 ceteris
379 1082 582 1169 anteposuit.
613 1083 702 1148 Nam
726 1084 791 1148 etsi
814 1084 852 1148 in
875 1083 999 1150 fabulis
1023 1085 1065 1150 de
1088 1084 1224 1171 tripode
1248 1087 1410 1173 expositis

239 1199 403 1263 nonnulla
426 1183 468 1263 ab
491 1198 744 1284 excerptoribus
768 1201 892 1265 omissa
915 1224 988 1266 0000
1016 1223 1137 1287 negaS,
1173 1208 1289 1267 tamen
1322 1203 1411 1288 quod

239 1316 277 1379 in
301 1315 406 1380 altero
434 1313 625 1400 fragmento
653 1314 698 1401 (3,
723 1312 757 1398 3)
782 1316 912 1401 Solent,
936 1317 1056 1382 Bianti
1084 1318 1120 1382 in
1149 1319 1255 1384 altero
1287 1320 1352 1403 (13,
1377 1321 1410 1400 2)

239 1432 351 1518 palma
374 1430 453 1495 data
481 1438 545 1516 est,
583 1431 646 1497 hoc
674 1438 828 1518 apertum
857 1425 931 1497 est.
966 1425 1091 1500 Omnes
1115 1435 1222 1520 igitur
1245 1441 1407 1520 auctores,

241 1547 299 1633 qui
326 1547 387 1612 has
415 1546 545 1612 fabulas
575 1570 633 1634 pro
664 1548 794 1634 patriae
823 1538 1001 1636 splendore
1036 1573 1075 1615 ac
1108 1549 1217 1636 gloria
1251 1551 1406 1635 augendo

238 1669 473 1748 narraverunt,
498 1663 720 1728 excludantur
742 1687 880 1730 necesse
904 1673 966 1732 est.

346 1778 420 1844 Iam
454 1801 534 1844 vero
568 1778 756 1844 Diodorum
791 1780 820 1844 si
855 1803 931 1846 curn
965 1781 1121 1865 Diogene
1156 1782 1407 1866 contulerimus,

240 1895 426 1982 apparebit,
451 1895 493 1960 ab
517 1903 652 1960 auctore
676 1896 734 1961 illo
759 1897 896 1981 quidem
919 1902 1050 1983 septem
1073 1897 1149 1961 illos
1173 1919 1243 1961 000
1270 1898 1306 1962 10
1331 1921 1409 1963 000-

239 2018 348 2076 ventu
370 2013 426 2076 vel
450 2000 607 2077 convivio
632 2013 861 2098 colloquentes
885 2013 981 2078 fictos
998 2011 1057 2077 sed
1074 2011 1284 2098 singulorum
1300 2013 1409 2078 vitam

239 2151 417 2214 moresque
441 2128 643 2213 singillatim
667 2128 801 2214 depicta
824 2151 907 2194 0000.

346 2244 470 2309 Tribus
505 2245 651 2330 denique
685 2245 783 2329 locis,
821 2245 943 2330 quibus
978 2246 1150 2330 Diogenes
1179 2249 1214 2308 et
1240 2241 1408 2308 Diodorus

240 2359 331 2426 idem
355 2359 517 2445 referunt,
542 2361 727 2426 Sosicrates
752 2383 771 2424 0
794 2361 950 2445 Diogene
974 2363 1096 2426 allatus
1121 2367 1181 2426 est.

349 2495 377 2560 1.
423 2494 577 2559 Primum
613 2493 766 2559 conferas
794 2493 936 2559 Diodori
964 2492 1063 2578 frgm.
1094 2493 1191 2577 12‚2
1224 2513 1301 2555 cum
1328 2491 1410 2555 Dio·

239 2634 327 2697 gene
354 2611 381 2695 I,
411 2611 467 2675 75:
504 2601 715 2694 Σωσικράτης
743 2603 780 2669 δέ
802 2626 903 2694 φησιν
932 2597 983 2670 ὅτι
1016 2597 1127 2688 ὀλίγον
1162 2595 1410 2684 ἀποτεμόμενος

239 2718 317 2811 ἔφη·
342 2718 380 2786 τὸ
405 2715 504 2810 ἥμισυ
528 2727 586 2788 τοῦ
603 2717 728 2799 παντὸς
745 2713 971 2786 atriensium.
1003 2724 1089 2789 10ᾶο
1105 2727 1253 2810 apparet,
1275 2720 1409 2786 fabulae

239 2840 383 2908 formam
406 2865 425 2906 a
450 2842 618 2907 Sosicrate
641 2841 816 2929 paululum
840 2848 1078 2907 commutatam
1103 2862 1186 2924 0000,
1211 2837 1301 2924 quod
1328 2837 1409 2904 Dio-

239 2957 314 3022 dori
338 2981 470 3044 quoque
493 2959 685 3024 narratione
709 2958 936 3024 confirmatur.
984 2958 1113 3022 Tamen
1140 2955 1331 3020 fabularum
1358 2976 1409 3018 00-

238 3073 324 3140 riem
336 3073 426 3160 apud
438 3080 618 3160 utrumque
628 3075 677 3138 ita
691 3073 882 3139 consentire
897 3072 1129 3137 demonstravi
1144 3070 1185 3137 cf.
1200 3094 1232 3157 p.
1248 3071 1299 3154 14,
1316 3076 1355 3135 01
1368 3093 1410 3134 ex

239 3189 358 3255 eodem
380 3197 561 3276 utrumque
585 3197 719 3255 auctore
742 3189 895 3255 hausisse
919 3197 1185 3255 consentaneum
1208 3185 1263 3253 sit.

345 3326 376 3388 2.
423 3325 529 3388 Extat
555 3330 668 3388 autem
696 3324 782 3389 alter
808 3325 901 3389 locus
930 3323 1020 3410 apud
1046 3323 1238 3408 Diogenem
1266 3320 1303 3384 in
1333 3320 1409 3404 My-

239 3439 330 3504 sonis
354 3439 489 3524 011011,
516 3441 607 3520 1u6):
632 3431 759 3500 illlum
773 3488 801 3501 ..
828 3430 872 3514 ώς
895 3458 976 3525 φησι
1002 3430 1212 3522 Στασικράτης
1230 3425 1410 3518 Ἕρμππον

237 3550 519 3640 παρατιθέμενος,
548 3549 586 3617 τὸ
611 3552 701 3638 γένος
717 3549 842 3642 Χηνεὺς
866 3546 936 3617 ἀπὸ
958 3547 1070 3640 κώμης
1093 3547 1182 3627 τινὸς
1206 3544 1364 3634 Οἱταικης
1388 3538 1410 3634 ἢ

237 3671 447 3756 Λακωνικῆς.
493 3673 569 3736 Hoc
599 3696 675 3737 cum
706 3675 779 3739 loco
807 3675 893 3739 bene
923 3671 1093 3738 consentit
1120 3667 1288 3733 Diodorus
1317 3665 1362 3752 (ὅ,
1388 3668 1408 3731 2

238 3786 281 3852 cf.
306 3787 352 3868 6):
387 3777 463 3849 Ὅτι
488 3758 614 3847 illicior
643 3809 693 3862 τις
716 3771 755 3869 ἦν
779 3779 930 3861 Materte
953 3780 1010 3846 καὶ
1034 3767 1118 3866 ᾤκει
1136 3775 1193 3868 την
1225 3773 1326 3868 Οἴτην
1361 3775 1409 3856 εἰς

237 3894 351 3988 κώμην
379 3895 493 3988 Χηνας
523 3897 732 3987 καλουμένην.
742 3899 766 3984 1)
818 3903 1003 3969 Sosicrates
1032 3905 1146 3966 autem
1173 3899 1407 3986 Hermippum,

346 4167 372 4240 1)
391 4168 569 4224 Herwerden
596 4168 627 4224 in
654 4167 750 4225 verbis
777 4171 825 4220 καὶ
853 4157 916 4220 dixer
944 4157 991 4233 τὴν
1021 4169 1103 4232 Οἴτην
1131 4169 1170 4228 εἰς
1195 4157 1289 4236 κώμην
1315 4154 1409 4228 Χηνὰς

237 4261 409 4329 καλουμένην
431 4259 594 4329 ponendum
622 4277 684 4314 esse
711 4277 763 4330 pro
788 4263 826 4315 εἰς
844 4274 868 4310 κ.
887 4277 909 4310 τ.
929 4258 951 4309 i.
972 4258 1002 4310 ἐν
1026 4249 1104 4327 κώμη
1130 4260 1236 4321 Χηναΐς
1254 4256 1407 4324 καλουμένη

238 4347 341 4402 statuit
370 4345 421 4416 (ut.
441 4347 502 4403 init.
522 4348 627 4418 fragm.
647 4347 683 4420 6).
721 4349 808 4402 Hunc
826 4348 985 4419 prudenter
1002 4345 1126 4401 editores
1145 4343 1236 4399 secuti
1254 4360 1312 4396 non
1331 4348 1408 4397 sunt.

237 4434 334 4508 Atque
353 4435 450 4491 nescio
469 4453 504 4490 00
524 4437 667 4492 Diodorus
686 4437 849 4493 exhibuerit
868 4442 914 4490 καὶ
934 4427 997 4506 ᾤκει
1017 4429 1064 4504 τὴν
1084 4439 1179 4502 Οἴτης
1206 4432 1241 4486 de
1260 4431 1408 4486 Anachar-
