3302 4914
789 224 831 291 33

707 314 919 324 h--u-—fi-

336 445 365 510 3.
414 443 506 523 Quae
534 443 625 509 idem
654 441 702 509 de.
720 464 850 507 conexu
873 463 911 506 ac
935 440 1105 506 sententia
1131 438 1399 527 fragmentorum

229 565 249 628 9
267 568 301 627 et
321 563 360 627 12
377 561 546 646 disseruit,
569 559 653 624 haec
677 558 708 623 si
730 565 821 623 recte
845 581 864 623 a
887 579 941 622 me
958 557 1111 644 exposita
1127 566 1207 624 sunt
1231 555 1287 642 (cf.
1304 582 1336 645 p.
1356 559 1399 622 23

230 686 265 744 et
288 676 343 764 27)
366 677 520 766 opinioni
543 675 636 740 illius
660 674 828 740 contraria
850 673 1012 740 videntur
1035 674 1215 739 illustrare.

334 796 367 860 4.
411 792 614 859 Plutarchus
648 791 794 878 denique
829 790 945 878 inepte
975 813 1017 855 ex
1047 791 1138 856 illius
1167 790 1294 856 iudicio
1323 813 1400 856 cum

230 909 404 976 scriberet:

272 1025 412 1110 Πρῶτον
433 1018 493 1104 μὲν
509 1005 564 1086 οὖν
586 1015 633 1097 εἰς
648 1013 825 1104 Αἴχοτττον
848 1010 987 1108 ἄφίκετο
1010 1015 1067 1083 καὶ
1091 1014 1258 1109 δίετριψεν
1274 1011 1318 1096 ὡς
1341 1016 1398 1082 καὶ

424 1131 584 1223 πρότερον
607 1129 704 1213 αὐτός
728 1137 810 1224 φησι

274 1249 395 1318 Νείλου
418 1250 476 1315 ἐστὶ
499 1255 663 1340 προχοῇσι
687 1247 880 1334 Κανωβίδος
904 1245 1041 1336 ἒχχιλθεν
1064 1243 1165 1340 ἀκτῆς
1246 1223 1247 1226 ¹

229 1373 316 1438 illud
348 1362 508 1456 πρότερον
542 1371 585 1437 ad
619 1373 685 1436 iter
720 1377 820 1436 antea
850 1377 1045 1456 susceptum
1073 1376 1224 1456 spectare
1251 1371 1398 1457 putavit,

231 1511 305 1554 cum
329 1488 402 1552 eius
425 1494 542 1553 auctor
569 1487 674 1552 alium
703 1487 891 1552 carminum
925 1487 1129 1573 respexisset
1163 1487 1283 1552 locum.
1332 1486 1400 1553 Sed

228 1595 389 1689 πρότερον
424 1625 526 1668 sensu
559 1603 660 1688 plane
695 1609 796 1668 caret.
842 1602 957 1688 Atque
985 1603 1022 1667 in
1045 1602 1189 1690 proclivi
1212 1609 1279 1689 est,
1310 1603 1401 1689 quod

228 1721 270 1785 ab
306 1719 382 1784 aliis
410 1718 640 1803 grammaticis
668 1718 878 1806 propositum
906 1741 1015 1806 nuper
1046 1720 1090 1786 H.
1118 1719 1228 1784 Flach
1265 1721 1309 1807 (p.
1335 1720 1399 1786 371

229 1858 307 1900 ann.
333 1833 365 1913 2)
390 1835 562 1920 probavit,
587 1825 748 1919 πρότερον
771 1859 789 1900 e
812 1835 1030 1922 praecedenti
1054 1834 1188 1920 πρῶτον
1211 1836 1399 1922 irrepsisse.

335 1950 475 2016 Ernesti
492 1951 534 2015 de
550 1951 700 2046 Leutsch
723 1951 933 2037 argumentis
954 1950 1137 2016 confutatis
1154 1952 1401 2037 exquirendum

230 2072 295 2152 est,
324 2089 469 2151 quonam
493 2067 579 2151 iure,
608 2062 740 2150 Blass1)
763 2067 945 2132 Plutarcho
970 2067 1104 2132 crimini
1130 2067 1272 2154 dederit,
1310 2068 1401 2154 quod

227 2183 264 2247 in
288 2205 359 2269 cap.
379 2183 420 2246 16
444 2205 562 2247 versus
587 2206 604 2247 e
629 2182 774 2248 diversis
798 2189 950 2269 sumptos
975 2183 1181 2250 carminibus
1202 2185 1289 2250 male
1307 2185 1400 2252 conia

227 2299 393 2364 unxisset.
439 2299 570 2364 Extant
593 2305 707 2364 autern
731 2299 779 2365 sic
803 2299 893 2386 apud
914 2300 1150 2366 Plutarchum:

177 2409 180 2414 “
471 2403 539 2476 Οὐκ
562 2403 601 2475 dv
624 2409 758 2492 κατέσχε
782 2411 886 2500 δῆμον
910 2405 997 2495 οὗτλ)
1023 2407 1193 2478 ἐπαύσατο

467 2524 553 2614 Πρὶν
576 2519 616 2591 οἷν
638 2523 780 2616 ταράξας
803 2531 889 2616 πῖαρ
913 2526 1004 2618 ἐξέλῃ
1029 2524 1123 2614 χοὶλα.

227 2663 342 2750 Atque
369 2662 540 2730 Aristides
575 2663 627 2750 (τι.
657 2664 716 2726 τοῦ
739 2659 958 2750 παραφθέχμ.
988 2689 1034 2731 or.
1058 2667 1101 2731 49
1126 2667 1192 2732 vol.
1217 2667 1309 2752 Hp.
1334 2667 1399 2732 556

228 2780 279 2844 ed.
310 2781 351 2846 G.
375 2778 540 2860 Dindorf)
576 2804 652 2846 cum
684 2803 824 2847 carmen
849 2781 994 2847 afferens
1022 2783 1059 2847 in
1086 2783 1234 2869 priorem
1262 2805 1400 2849 versum

228 2895 419 2980 incidisset,
454 2904 532 2981 post
562 2898 666 2963 verba
694 2887 752 2959 oia
782 2887 821 2958 dv
844 2893 979 2975 κατέσχε
1002 2894 1105 2982 δῆμον
1128 2899 1317 2964 orationem
1341 2899 1398 2964 ab·

228 3010 322 3096 rupit
344 3016 379 3075 et
400 3012 574 3076 nonnullis
599 3013 640 3078 de
664 3036 723 3079 suo
747 3014 883 3099 additis,
909 3014 1010 3079 dixit:
1045 3002 1118 3074 ελτοῖ
1144 3007 1178 3074 τί
1207 3031 1322 3099 φησιν·
1359 3007 1400 3076 Εἰ

230 3116 290 3209 χοὶρ
315 3113 436 3210 ἤθελον
459 3147 487 3187 κ.
512 3147 540 3188 τ.
566 3124 594 3188 λ.
640 3130 710 3194 Diu
740 3137 853 3196 autem
881 3131 943 3196 Th.
968 3130 1084 3214 Bergk
1111 3130 1332 3195 Plutarchum
1363 3131 1401 3196 in

227 3241 384 3307 versibus
412 3244 591 3310 exarandis
622 3252 755 3311 secutus
790 3253 875 3330 erat,
912 3269 989 3312 cum
1022 3269 1150 3333 papryo
1184 3246 1401 3312 Berolinensi

228 3356 380 3443 invento,
405 3359 464 3444 qui
490 3360 579 3425 mala
608 3360 746 3427 fortuna
768 3363 924 3428 lacunam
946 3369 1024 3449 post
1052 3363 1134 3428 duas
1157 3362 1284 3448 primas
1306 3363 1399 3428 litte-

228 3493 281 3538 ras
304 3473 402 3541 verbi
428 3469 564 3552 κατέσχε
587 3476 734 3562 exhibet,
760 3479 913 3544 Blassius
937 3501 1054 3544 versus
1079 3478 1127 3543 sic
1151 3478 1399 3565 componendos

231 3585 356 3656 docuit:

337 3834 364 3906 1)
382 3839 504 3896 Hermes
522 3839 586 3911 XV,
606 3859 633 3912 p.
653 3841 706 3896 369
724 3859 768 3914 sq.

336 3941 364 4014 2)
383 3945 481 4016 Δῆμον
499 3953 621 4018 κατέσχε,
640 3967 692 4020 pro
711 3969 767 4022 quo
781 3943 998 4021 Reisketvpdv,
1012 3949 1128 4005 Ahrens
1146 3941 1209 4021 λῆμ’
1224 3941 1256 4001 ὃν
1269 3947 1399 4021 coniecit,

227 4031 326 4102 Bergk
345 4038 421 4087 recte
439 4036 565 4092 retinuit.
602 4039 679 4093 Nam
697 4033 792 4111 θυμόν
810 4045 925 4109 κατέσχε
953 4041 1030 4095 idem
1057 4038 1216 4110 significat,
1245 4039 1321 4110 quod
1349 4033 1400 4091 οὐκ

228 4115 371 4173 ἐπαύσατο
391 4141 414 4173 κ.
434 4143 455 4176 τ,
475 4127 498 4176 λ.
535 4127 690 4182 Praeterea
708 4129 796 4183 Solon
815 4148 849 4184 ea
867 4148 898 4184 re
916 4129 979 4202 ipsa
998 4129 1135 4200 populum
1154 4147 1171 4182 a
1190 4145 1220 4182 se
1239 4128 1400 4182 cohibitum

229 4226 297 4281 esse,
317 4210 432 4282 saepius
451 4213 591 4283 gloriatus
610 4222 661 4286 est,
690 4218 766 4288 quod
788 4237 881 4290 neque
908 4211 1085 4288 ιχίλοκτὴμων
1109 4234 1202 4288 neque
1222 4211 1401 4288 κακοφραιλής

228 4299 337 4355 fuisset.
374 4301 444 4355 Her.
464 4301 486 4372 I,
506 4303 540 4356 59
560 4301 661 4375 (Smin,
678 4326 705 4377 p.
724 4306 783 4378 66);
807 4302 916 4360 Τούτων
935 4300 969 4373 δὴ
988 4301 1025 4358 ὦν
1044 4307 1147 4359 ἔθνεων
1165 4298 1194 4358 τὸ
1216 4307 1270 4378 μὲν
1283 4299 1401 4358 Ἀττικὸν
1429 4304 1431 4309 ’

229 4383 413 4462 κατεχόμενον
433 4433 438 4444 ,
460 4433 465 4444 .
488 4434 492 4444 .
515 4434 519 4445 .
540 4385 594 4445 ὑπὸ
616 4391 818 4468 Πεισιστράτου
836 4397 885 4450 τοῦ
903 4389 1106 4468 Ἱπποκράτους.

1224 4504 1241 4578 3
