3302 4914
710 343 782 350 η--.

232 466 311 558 περὶ
334 470 392 556 τῆς
415 459 623 555 ἀποκρίσεως
644 459 762 552 ἐρωτη-

234 607 349 661 σαντος
388 579 497 648 εἰπεῖν
532 575 576 658 ὡς
617 575 762 669 τελευτη-

235 721 348 777 σαντος
383 691 558 773 ἷίπαιδος
593 689 764 784 ἀδελφοῦ

234 809 519 904 κειληρονομηκώς
540 804 678 876 οὐσίαν
702 807 762 900 ε’ίη

232 927 298 1020 την
335 927 437 1018 ίσην,
477 913 562 1016 ᾗπερ
595 919 690 1010 εἶχεν,
726 918 764 1018 ἣν

233 1039 397 1136 οὖχὴὄέως
421 1042 688 1134 προσειληφέναι.

794 250 834 318 15

340 1163 482 1230 Diodori
516 1166 637 1250 oratio,
673 1164 810 1229 tametsi
845 1171 896 1230 est
930 1164 1053 1249 fusior,
1088 1186 1189 1249 quam
1224 1164 1400 1248 Diogenis

233 1288 349 1344 tamen
371 1279 413 1344 ad
435 1281 576 1347 verbum
600 1303 676 1345 oum
699 1280 792 1344 illins
815 1280 1009 1344 narratione
1033 1281 1200 1366 congruit.
1247 1280 1401 1345 Tertium

236 1394 392 1482 deinceps
427 1397 538 1462 locum
573 1394 662 1480 apud
701 1402 883 1479 utrumque
923 1384 1189 1479 ἀποφθέγματος
1223 1395 1404 1482 explicatio

235 1512 394 1577 eontinet.
441 1512 494 1576 De
527 1510 612 1574 scito
635 1509 763 1575 Pittaci
792 1509 875 1574 duas
899 1510 1070 1596 Diogenes
1094 1512 1237 1597 protulit
1260 1511 1401 1597 fabulas,

233 1649 375 1712 quarum
410 1627 550 1689 alteram
572 1625 742 1692 Diodorus
771 1648 903 1712 quoque
930 1626 1077 1693 exhibet.
1125 1627 1192 1692 Sed
1219 1634 1401 1713 utrumque

233 1741 455 1806 conferamus

276 1853 438 1919 Diodor.
466 1857 516 1940 12,
533 1857 567 1921 3:
585 1845 669 1920 Ὅτι
693 1852 760 1918 καὶ

234 1960 291 2028 τὸν
307 1962 449 2054 ποιητὴν
477 1959 631 2034 Ἀλκαῖον
647 1966 762 2058 ἐχθρό-

233 2104 331 2145 τατον
354 2074 455 2146 αὐτοῦ
479 2082 685 2172 γεγενημένον
707 2085 764 2150 καί

234 2192 290 2260 διὰ
322 2200 387 2260 τῶν
420 2194 617 2286 ποιημάτων
649 2196 767 2288 πικρό-

234 2335 317 2375 τατα
345 2310 606 2402 λελοιδορηκότα,
635 2313 765 2400 λαβών

233 2419 462 2516 ὑποχείριον
479 2423 641 2521 ἀφῆκεν,
658 2431 759 2523 ἐπιφ-

232 2540 431 2628 θεγξάμενος
470 2540 515 2625 ὡς
558 2545 761 2639 συγγνώμη

232 2658 425 2748 τιμωρίας
441 2658 647 2752 αἱρετωτέρα.

912 1859 1077 1944 Diog.1‚
1103 1860 1159 1924 76:
1184 1851 1348 1945 Παμφίλη
1365 1853 1402 1920 δέ

871 1992 972 2059 φησιν
1004 1969 1038 2034 ἑν
1065 1969 1202 2058 δευτέρην
1233 1974 1298 2034 τῶν
1335 1964 1403 2036 ’ὑπο

872 2082 1049 2175 μνημάτων
1073 2079 1117 2165 ὡς
1133 2083 1190 2151 τὸν
1206 2082 1277 2151 viiiv
1302 2079 1403 2152 αὐτοῦ

880 2207 1039 2291 Τυρραῖον
1094 2198 1283 2290 καθήμενον
1344 2201 1403 2267 ἐπὶ

870 2315 1018 2408 κουρείου
1040 2317 1074 2383 έν
1088 2314 1186 2406 Κύμη
1202 2318 1338 2400 χαλκέος
1353 2345 1404 2397 τις

868 2436 1007 2501 πέλεκυν
1069 2431 1220 2518 ἐμβαλών
1269 2429 1402 2500 ἀνεῖλεν·

870 2555 936 2616 τῶν
959 2549 994 2616 δέ
1010 2548 1170 2633 Κυμαίων
1198 2547 1404 2640 πεμψάντων

870 2663 927 2732 τὸν
951 2665 1053 2756 φονέα
1076 2669 1123 2752 τῷ
1147 2670 1316 2754 Πιττακῷ,
1340 2693 1403 2750 μα-

872 2777 1043 2847 ίίόντακαι
1057 2774 1272 2847 ἀπολύσαντα
1285 2779 1402 2848 εἰπεῖν·

869 2894 1044 2987 Συγγνώμη
1090 2895 1265 2981 μετανοίας
1296 2897 1402 2988 κρείσ-

870 3035 944 3079 σων.
988 3009 1208 3102 Ἡράκλειτος
1231 3015 1267 3080 δέ
1291 3039 1401 3105 φησιν,

866 3123 1021 3196 Ἀλκαῖον
1066 3125 1300 3220 ὑποχείριον
1337 3133 1403 3197 λα-

868 3243 988 3330 βόντα
1012 3273 1069 3312 και
1097 3240 1311 3313 ἀπολύσαντα
1336 3245 1402 3338 φοί-

868 3388 921 3427 ναι
955 3359 1164 3453 Συγγνώμη
1208 3362 1402 3452 τιμωρίας

868 3476 1068 3566 κρείσσων.

336 3592 435 3672 Quod
458 3595 627 3662 Diodorus
660 3589 856 3683 ΗΣυγγνώμη
881 3592 1041 3683 τιμωρίας
1065 3593 1293 3686 αἱρετωτέραίί,
1317 3602 1400 3667 Dio·

230 3726 334 3788 genes
351 3704 547 3794 ,μρείσσων“
566 3713 712 3800 scripsit,
737 3715 837 3780 huius
853 3716 1034 3781 verborum
1050 3716 1298 3804 discrepantiae
1314 3719 1396 3783 Dio-

229 3840 334 3903 genes
361 3825 444 3912 ipse,
474 3851 550 3894 oum
574 3836 675 3895 antea
698 3831 822 3895 scitum
845 3823 1015 3916 συγγνώμη
1038 3826 1214 3912 μετανοίας
1242 3826 1400 3917 κρείσσων

230 3944 566 4030 commemoravisset,
593 3953 710 4012 auctor
733 3970 805 4011 esse
828 3949 942 4034 potuit
951 3943 984 4029 ¹).

227 4169 441 4179 ------.----ᾗ

335 4330 362 4401 1)
381 4331 483 4403 Inepte
501 4332 679 4393 Herwerden
697 4337 734 4394 ad
752 4337 837 4395 Diod.
850 4339 869 4395 1.
886 4339 960 4410 21‚9
978 4339 1142 4398 annotavit:
1161 4340 1315 4414 legendum
1333 4358 1395 4398 esse

228 4412 405 4492 αἱρετώτερον
423 4440 475 4494 pro
494 4426 666 4498 αίρετωτίρα.
