<?xml version="1.0" encoding="UTF-8"?>
<!DOCTYPE html PUBLIC "-//W3C//DTD XHTML 1.0 Transitional//EN"
    "http://www.w3.org/TR/xhtml1/DTD/xhtml1-transitional.dtd">
<html xmlns="http://www.w3.org/1999/xhtml" xml:lang="en" lang="en">
 <head>
  <title>
</title>
<meta http-equiv="Content-Type" content="text/html;charset=utf-8" />
  <meta name='ocr-system' content='tesseract 3.04.00' />
  <meta name='ocr-capabilities' content='ocr_page ocr_carea ocr_par ocr_line ocrx_word'/>
</head>
<body>
  <div class='ocr_page' id='page_1' title='image "adsolonisaetate00stetgoog_0038.png"; bbox 0 0 3302 4914; ppageno 0'>
   <div class='ocr_carea' id='block_1_1' title="bbox 828 255 870 324">
    <p class='ocr_par' dir='ltr' id='par_1_1' title="bbox 828 255 870 324">
     <span class='ocr_line' id='line_1_1' title="bbox 828 255 870 324; baseline -0.024 0"><span class='ocrx_word' id='word_1_1' title='bbox 828 255 870 324; x_wconf 71' lang='lat'>29</span> 
     </span>
    </p>
   </div>
   <div class='ocr_carea' id='block_1_2' title="bbox 260 473 1429 792">
    <p class='ocr_par' dir='ltr' id='par_1_2' title="bbox 260 473 1429 792">
     <span class='ocr_line' id='line_1_2' title="bbox 260 473 1429 560; baseline -0.005 -16"><span class='ocrx_word' id='word_1_2' title='bbox 260 476 461 544; x_wconf 73' lang='lat' dir='ltr'><strong>Plutarchus</strong></span> <span class='ocrx_word' id='word_1_3' title='bbox 485 475 574 541; x_wconf 90' lang='lat' dir='ltr'>solus</span> <span class='ocrx_word' id='word_1_4' title='bbox 598 496 658 560; x_wconf 89' lang='lat' dir='ltr'>pro</span> <span class='ocrx_word' id='word_1_5' title='bbox 684 473 847 558; x_wconf 68' lang='lat' dir='ltr'>‚ahdpog“</span> <span class='ocrx_word' id='word_1_6' title='bbox 873 473 1027 554; x_wconf 78' lang='grc' dir='ltr'>,,χαῦνος“</span> <span class='ocrx_word' id='word_1_7' title='bbox 1052 473 1198 539; x_wconf 86' lang='lat' dir='ltr'>exhibet.</span> <span class='ocrx_word' id='word_1_8' title='bbox 1238 473 1312 538; x_wconf 91' lang='lat' dir='ltr'>Hoc</span> <span class='ocrx_word' id='word_1_9' title='bbox 1335 477 1429 538; x_wconf 89' lang='lat' dir='ltr'>reete</span> 
     </span>
     <span class='ocr_line' id='line_1_3' title="bbox 261 588 1429 678; baseline -0.003 -20"><span class='ocrx_word' id='word_1_10' title='bbox 261 593 323 658; x_wconf 79' lang='lat' dir='ltr'>Th.</span> <span class='ocrx_word' id='word_1_11' title='bbox 349 593 466 678; x_wconf 83' lang='lat' dir='ltr'>Bergk</span> <span class='ocrx_word' id='word_1_12' title='bbox 490 591 527 656; x_wconf 94' lang='lat' dir='ltr'>in</span> <span class='ocrx_word' id='word_1_13' title='bbox 551 589 710 655; x_wconf 79' lang='lat' dir='ltr'>carminis</span> <span class='ocrx_word' id='word_1_14' title='bbox 734 595 865 654; x_wconf 86' lang='lat' dir='ltr'>textum</span> <span class='ocrx_word' id='word_1_15' title='bbox 889 590 1028 676; x_wconf 90' lang='lat' dir='ltr'>recepit.</span> <span class='ocrx_word' id='word_1_16' title='bbox 1067 589 1202 674; x_wconf 81' lang='grc' dir='ltr'><em>Κοῦφος</em></span> <span class='ocrx_word' id='word_1_17' title='bbox 1225 589 1317 654; x_wconf 88' lang='lat' dir='ltr'>enim</span> <span class='ocrx_word' id='word_1_18' title='bbox 1340 588 1429 654; x_wconf 86' lang='lat' dir='ltr'><strong>nihil</strong></span> 
     </span>
     <span class='ocr_line' id='line_1_4' title="bbox 262 700 1429 792; baseline -0.003 -18"><span class='ocrx_word' id='word_1_19' title='bbox 262 708 353 775; x_wconf 89' lang='lat' dir='ltr'>aliud</span> <span class='ocrx_word' id='word_1_20' title='bbox 386 708 456 773; x_wconf 90' lang='lat' dir='ltr'>nisi</span> <span class='ocrx_word' id='word_1_21' title='bbox 490 707 830 792; x_wconf 87' lang='lat' dir='ltr'>interpretamentum</span> <span class='ocrx_word' id='word_1_22' title='bbox 838 700 864 788; x_wconf 90' lang='lat'>1)</span> <span class='ocrx_word' id='word_1_23' title='bbox 899 706 991 771; x_wconf 87' lang='lat' dir='ltr'>illius</span> <span class='ocrx_word' id='word_1_24' title='bbox 1018 705 1134 783; x_wconf 81' lang='grc' dir='ltr'><em>χαῦνος</em></span> <span class='ocrx_word' id='word_1_25' title='bbox 1162 728 1235 770; x_wconf 91' lang='lat' dir='ltr'>esse</span> <span class='ocrx_word' id='word_1_26' title='bbox 1262 705 1429 772; x_wconf 81' lang='lat' dir='ltr'>videatur.</span> 
     </span>
    </p>
   </div>
   <div class='ocr_carea' id='block_1_3' title="bbox 162 818 1430 909">
    <p class='ocr_par' dir='ltr' id='par_1_3' title="bbox 162 818 1430 909">
     <span class='ocr_line' id='line_1_5' title="bbox 162 818 1430 909; baseline -0.006 -18"><span class='ocrx_word' id='word_1_27' title='bbox 162 883 166 890; x_wconf 89' lang='lat'>.</span> <span class='ocrx_word' id='word_1_28' title='bbox 260 825 390 891; x_wconf 83' lang='lat' dir='ltr'>Eodem</span> <span class='ocrx_word' id='word_1_29' title='bbox 413 824 521 909; x_wconf 87' lang='lat' dir='ltr'>igitur</span> <span class='ocrx_word' id='word_1_30' title='bbox 544 827 683 907; x_wconf 87' lang='lat' dir='ltr'>spectat,</span> <span class='ocrx_word' id='word_1_31' title='bbox 708 844 784 906; x_wconf 89' lang='lat' dir='ltr'>quo,</span> <span class='ocrx_word' id='word_1_32' title='bbox 809 844 894 906; x_wconf 85' lang='lat' dir='ltr'>quae</span> <span class='ocrx_word' id='word_1_33' title='bbox 917 845 1017 908; x_wconf 89' lang='lat' dir='ltr'>supra</span> <span class='ocrx_word' id='word_1_34' title='bbox 1041 821 1084 887; x_wconf 89' lang='lat' dir='ltr'>ad</span> <span class='ocrx_word' id='word_1_35' title='bbox 1098 821 1290 908; x_wconf 78' lang='lat' dir='ltr'>Diogenem</span> <span class='ocrx_word' id='word_1_36' title='bbox 1311 821 1355 906; x_wconf 87' lang='lat' dir='ltr'>(p.</span> <span class='ocrx_word' id='word_1_37' title='bbox 1373 818 1430 903; x_wconf 78' lang='lat'>24)</span> 
     </span>
    </p>
   </div>
   <div class='ocr_carea' id='block_1_4' title="bbox 259 929 1431 1256">
    <p class='ocr_par' dir='ltr' id='par_1_4' title="bbox 259 929 1431 1256">
     <span class='ocr_line' id='line_1_6' title="bbox 259 929 1431 1023; baseline -0.011 -17"><span class='ocrx_word' id='word_1_38' title='bbox 259 941 370 1006; x_wconf 87' lang='lat' dir='ltr'>attuli.</span> <span class='ocrx_word' id='word_1_39' title='bbox 419 939 522 1005; x_wconf 87' lang='lat' dir='ltr'>Solon</span> <span class='ocrx_word' id='word_1_40' title='bbox 545 937 618 1023; x_wconf 86' lang='lat' dir='ltr'>ipse</span> <span class='ocrx_word' id='word_1_41' title='bbox 642 938 746 1004; x_wconf 88' lang='lat' dir='ltr'>altero</span> <span class='ocrx_word' id='word_1_42' title='bbox 770 939 843 1002; x_wconf 92' lang='lat' dir='ltr'>loco</span> <span class='ocrx_word' id='word_1_43' title='bbox 867 937 1051 1022; x_wconf 84' lang='lat' dir='ltr'>fragmenti</span> <span class='ocrx_word' id='word_1_44' title='bbox 1075 937 1118 1002; x_wconf 81' lang='lat'>35</span> <span class='ocrx_word' id='word_1_45' title='bbox 1142 960 1174 1002; x_wconf 87' lang='lat' dir='ltr'>v.</span> <span class='ocrx_word' id='word_1_46' title='bbox 1202 939 1218 1001; x_wconf 87' lang='lat'>1</span> <span class='ocrx_word' id='word_1_47' title='bbox 1247 935 1349 1014; x_wconf 75' lang='grc' dir='ltr'><em>χαῦνα</em></span> <span class='ocrx_word' id='word_1_48' title='bbox 1371 929 1431 1014; x_wconf 82' lang='grc' dir='ltr'>μὲν</span> 
     </span>
     <span class='ocr_line' id='line_1_7' title="bbox 259 1045 1431 1139; baseline -0.002 -22"><span class='ocrx_word' id='word_1_49' title='bbox 259 1048 327 1117; x_wconf 82' lang='grc' dir='ltr'><em>τότ’</em></span> <span class='ocrx_word' id='word_1_50' title='bbox 353 1045 538 1139; x_wconf 75' lang='grc' dir='ltr'><em>ἐφράσαντο</em></span> <span class='ocrx_word' id='word_1_51' title='bbox 562 1053 659 1120; x_wconf 87' lang='lat' dir='ltr'>dixit.</span> <span class='ocrx_word' id='word_1_52' title='bbox 691 1055 818 1119; x_wconf 81' lang='lat' dir='ltr'><strong>Versus</strong></span> <span class='ocrx_word' id='word_1_53' title='bbox 843 1055 885 1137; x_wconf 85' lang='grc'>(7,</span> <span class='ocrx_word' id='word_1_54' title='bbox 903 1049 938 1135; x_wconf 90' lang='grc'>8)</span> <span class='ocrx_word' id='word_1_55' title='bbox 962 1053 1108 1138; x_wconf 92' lang='lat' dir='ltr'>denique</span> <span class='ocrx_word' id='word_1_56' title='bbox 1132 1051 1222 1139; x_wconf 90' lang='lat' dir='ltr'>apud</span> <span class='ocrx_word' id='word_1_57' title='bbox 1243 1050 1431 1116; x_wconf 91' lang='lat' dir='ltr'>Diodorum</span> 
     </span>
     <span class='ocr_line' id='line_1_8' title="bbox 260 1169 972 1256; baseline -0.001 -21"><span class='ocrx_word' id='word_1_58' title='bbox 260 1178 295 1237; x_wconf 90' lang='lat' dir='ltr'>et</span> <span class='ocrx_word' id='word_1_59' title='bbox 317 1171 509 1256; x_wconf 83' lang='lat' dir='ltr'>Diogenem</span> <span class='ocrx_word' id='word_1_60' title='bbox 532 1170 581 1234; x_wconf 89' lang='lat' dir='ltr'>sie</span> <span class='ocrx_word' id='word_1_61' title='bbox 605 1175 758 1236; x_wconf 86' lang='lat' dir='ltr'>exaratos</span> <span class='ocrx_word' id='word_1_62' title='bbox 781 1169 972 1256; x_wconf 5' lang='lat' dir='ltr'>videmuszx</span> 
     </span>
    </p>
   </div>
   <div class='ocr_carea' id='block_1_5' title="bbox 420 1289 1386 1386">
    <p class='ocr_par' dir='ltr' id='par_1_5' title="bbox 420 1289 1386 1386">
     <span class='ocr_line' id='line_1_9' title="bbox 420 1289 1386 1386; baseline -0.002 -23"><span class='ocrx_word' id='word_1_63' title='bbox 420 1295 477 1377; x_wconf 77' lang='grc' dir='ltr'>Εἷς</span> <span class='ocrx_word' id='word_1_64' title='bbox 501 1295 560 1386; x_wconf 79' lang='grc' dir='ltr'>γαρ</span> <span class='ocrx_word' id='word_1_65' title='bbox 585 1299 734 1384; x_wconf 74' lang='grc' dir='ltr'><em>γλῶσσαν</em></span> <span class='ocrx_word' id='word_1_66' title='bbox 758 1292 853 1385; x_wconf 80' lang='grc' dir='ltr'><em>ὁρᾶτε</em></span> <span class='ocrx_word' id='word_1_67' title='bbox 876 1296 932 1362; x_wconf 82' lang='grc' dir='ltr'>καὶ</span> <span class='ocrx_word' id='word_1_68' title='bbox 957 1294 1003 1375; x_wconf 80' lang='grc' dir='ltr'>εἷς</span> <span class='ocrx_word' id='word_1_69' title='bbox 1027 1293 1109 1376; x_wconf 68' lang='grc' dir='ltr'><em>ἔπος</em></span> <span class='ocrx_word' id='word_1_70' title='bbox 1133 1291 1246 1362; x_wconf 79' lang='grc' dir='ltr'><em>αἰόλον</em></span> <span class='ocrx_word' id='word_1_71' title='bbox 1270 1289 1386 1385; x_wconf 78' lang='grc' dir='ltr'><em>ἀνδρὸς</em></span> 
     </span>
    </p>
   </div>
   <div class='ocr_carea' id='block_1_6' title="bbox 419 1407 1090 1502">
    <p class='ocr_par' dir='ltr' id='par_1_6' title="bbox 419 1407 1090 1502">
     <span class='ocr_line' id='line_1_10' title="bbox 419 1407 1090 1502; baseline -0.003 -22"><span class='ocrx_word' id='word_1_72' title='bbox 419 1411 477 1493; x_wconf 79' lang='grc' dir='ltr'>Εἰς</span> <span class='ocrx_word' id='word_1_73' title='bbox 501 1411 594 1502; x_wconf 72' lang='grc' dir='ltr'><em>ἔργον</em></span> <span class='ocrx_word' id='word_1_74' title='bbox 617 1407 710 1479; x_wconf 75' lang='grc' dir='ltr'><em>οὐδὲν</em></span> <span class='ocrx_word' id='word_1_75' title='bbox 733 1409 918 1499; x_wconf 72' lang='grc' dir='ltr'><em>γιγνόμενον</em></span> <span class='ocrx_word' id='word_1_76' title='bbox 940 1412 1090 1500; x_wconf 70' lang='grc' dir='ltr'><em>βλέπετε.</em></span> 
     </span>
    </p>
   </div>
   <div class='ocr_carea' id='block_1_7' title="bbox 257 1666 1431 1834">
    <p class='ocr_par' dir='ltr' id='par_1_7' title="bbox 257 1666 1431 1834">
     <span class='ocr_line' id='line_1_11' title="bbox 366 1666 1430 1744; baseline 0.001 -18"><span class='ocrx_word' id='word_1_77' title='bbox 366 1671 393 1741; x_wconf 90' lang='grc'>1)</span> <span class='ocrx_word' id='word_1_78' title='bbox 415 1671 528 1730; x_wconf 81' lang='grc' dir='ltr'><em>Χαῦνος</em></span> <span class='ocrx_word' id='word_1_79' title='bbox 545 1671 621 1728; x_wconf 83' lang='lat' dir='ltr'>idem</span> <span class='ocrx_word' id='word_1_80' title='bbox 639 1671 754 1728; x_wconf 81' lang='lat' dir='ltr'>videtur</span> <span class='ocrx_word' id='word_1_81' title='bbox 772 1673 868 1729; x_wconf 83' lang='lat' dir='ltr'>valere</span> <span class='ocrx_word' id='word_1_82' title='bbox 888 1673 964 1744; x_wconf 88' lang='lat' dir='ltr'>quod</span> <span class='ocrx_word' id='word_1_83' title='bbox 979 1666 1093 1742; x_wconf 78' lang='grc' dir='ltr'><em>χάσκων</em></span> <span class='ocrx_word' id='word_1_84' title='bbox 1116 1673 1162 1728; x_wconf 83' lang='lat' dir='ltr'>vel</span> <span class='ocrx_word' id='word_1_85' title='bbox 1182 1666 1306 1742; x_wconf 77' lang='grc' dir='ltr'>κεχηνώς,</span> <span class='ocrx_word' id='word_1_86' title='bbox 1327 1673 1430 1744; x_wconf 87' lang='lat' dir='ltr'>quibus</span> 
     </span>
     <span class='ocr_line' id='line_1_12' title="bbox 257 1755 1431 1834; baseline 0 -18"><span class='ocrx_word' id='word_1_87' title='bbox 257 1760 356 1816; x_wconf 86' lang='lat' dir='ltr'>verbis</span> <span class='ocrx_word' id='word_1_88' title='bbox 369 1761 446 1831; x_wconf 91' lang='lat' dir='ltr'>apud</span> <span class='ocrx_word' id='word_1_89' title='bbox 458 1760 683 1832; x_wconf 83' lang='lat' dir='ltr'>Aristophanem</span> <span class='ocrx_word' id='word_1_90' title='bbox 702 1761 799 1833; x_wconf 81' lang='grc' dir='ltr'><em>Δῆμος</em></span> <span class='ocrx_word' id='word_1_91' title='bbox 812 1755 964 1828; x_wconf 68' lang='grc' dir='ltr'>Ἀθηναίων</span> <span class='ocrx_word' id='word_1_92' title='bbox 985 1762 1099 1834; x_wconf 86' lang='lat' dir='ltr'>saepius</span> <span class='ocrx_word' id='word_1_93' title='bbox 1117 1763 1286 1834; x_wconf 87' lang='lat' dir='ltr'>appellatur.</span> <span class='ocrx_word' id='word_1_94' title='bbox 1318 1761 1431 1817; x_wconf 86' lang='lat' dir='ltr'>Solonis</span> 
     </span>
    </p>
   </div>
   <div class='ocr_carea' id='block_1_8' title="bbox 194 1851 1431 3774">
    <p class='ocr_par' dir='ltr' id='par_1_8' title="bbox 194 1851 1431 3240">
     <span class='ocr_line' id='line_1_13' title="bbox 259 1851 1431 1920; baseline 0.003 -18"><span class='ocrx_word' id='word_1_95' title='bbox 259 1855 356 1904; x_wconf 89' lang='lat' dir='ltr'>autem</span> <span class='ocrx_word' id='word_1_96' title='bbox 384 1867 520 1905; x_wconf 90' lang='lat' dir='ltr'>versuum</span> <span class='ocrx_word' id='word_1_97' title='bbox 547 1851 642 1906; x_wconf 87' lang='lat' dir='ltr'>nescio</span> <span class='ocrx_word' id='word_1_98' title='bbox 673 1871 711 1906; x_wconf 86' lang='lat' dir='ltr'>an</span> <span class='ocrx_word' id='word_1_99' title='bbox 741 1852 867 1906; x_wconf 86' lang='lat' dir='ltr'>comicus</span> <span class='ocrx_word' id='word_1_100' title='bbox 886 1852 934 1908; x_wconf 90' lang='lat' dir='ltr'>ille</span> <span class='ocrx_word' id='word_1_101' title='bbox 956 1853 1123 1907; x_wconf 86' lang='lat' dir='ltr'>recordatus</span> <span class='ocrx_word' id='word_1_102' title='bbox 1146 1851 1197 1920; x_wconf 85' lang='lat' dir='ltr'>sit,</span> <span class='ocrx_word' id='word_1_103' title='bbox 1226 1870 1291 1906; x_wconf 89' lang='lat' dir='ltr'>eum</span> <span class='ocrx_word' id='word_1_104' title='bbox 1310 1851 1431 1906; x_wconf 87' lang='lat' dir='ltr'>diceret:</span> 
     </span>
     <span class='ocr_line' id='line_1_14' title="bbox 258 1929 991 2024; baseline 0.007 -34"><span class='ocrx_word' id='word_1_105' title='bbox 258 1938 355 2008; x_wconf 84' lang='lat' dir='ltr'>Equit.</span> <span class='ocrx_word' id='word_1_106' title='bbox 375 1939 427 1993; x_wconf 76' lang='lat'>752</span> <span class='ocrx_word' id='word_1_107' title='bbox 446 1957 501 2010; x_wconf 90' lang='lat' dir='ltr'>sq.:</span> <span class='ocrx_word' id='word_1_108' title='bbox 669 1929 672 1936; x_wconf 72' lang='grc'><strong>’</strong></span> <span class='ocrx_word' id='word_1_109' title='bbox 913 2005 919 2022; x_wconf 53' lang='grc'>,</span> <span class='ocrx_word' id='word_1_110' title='bbox 985 2005 991 2024; x_wconf 25' lang='grc' dir='ltr'>κ</span> 
     </span>
     <span class='ocr_line' id='line_1_15' title="bbox 918 2017 1119 2083; baseline -0.015 -17"><span class='ocrx_word' id='word_1_111' title='bbox 918 2017 940 2066; x_wconf 88' lang='lat'><em>0</em></span> <span class='ocrx_word' id='word_1_112' title='bbox 958 2031 1012 2083; x_wconf 77' lang='grc' dir='ltr'>γαρ</span> <span class='ocrx_word' id='word_1_113' title='bbox 1031 2017 1119 2082; x_wconf 76' lang='grc' dir='ltr'><em>γέρων</em></span> 
     </span>
     <span class='ocr_line' id='line_1_16' title="bbox 545 2093 1081 2172; baseline 0.002 -19"><span class='ocrx_word' id='word_1_114' title='bbox 545 2103 624 2153; x_wconf 72' lang='lat' dir='ltr'>Oinoa</span> <span class='ocrx_word' id='word_1_115' title='bbox 642 2101 696 2172; x_wconf 80' lang='grc' dir='ltr'>μὲν</span> <span class='ocrx_word' id='word_1_116' title='bbox 716 2093 825 2172; x_wconf 74' lang='grc' dir='ltr'><em>ἀνδρῶν</em></span> <span class='ocrx_word' id='word_1_117' title='bbox 844 2101 901 2154; x_wconf 80' lang='grc' dir='ltr'><em>ἔστι</em></span> <span class='ocrx_word' id='word_1_118' title='bbox 921 2095 1081 2162; x_wconf 76' lang='grc' dir='ltr'><em>δεξιώτατος</em></span> 
     </span>
     <span class='ocr_line' id='line_1_17' title="bbox 540 2180 1183 2262; baseline 0.003 -21"><span class='ocrx_word' id='word_1_119' title='bbox 540 2180 621 2241; x_wconf 81' lang='grc' dir='ltr'><em>Ὅταν</em></span> <span class='ocrx_word' id='word_1_120' title='bbox 640 2183 667 2241; x_wconf 82' lang='grc' dir='ltr'>δ’</span> <span class='ocrx_word' id='word_1_121' title='bbox 687 2191 733 2242; x_wconf 74' lang='grc' dir='ltr'>ἐπὶ</span> <span class='ocrx_word' id='word_1_122' title='bbox 751 2183 863 2256; x_wconf 74' lang='grc' dir='ltr'><em>ταύτησι</em></span> <span class='ocrx_word' id='word_1_123' title='bbox 883 2189 1001 2256; x_wconf 62' lang='grc' dir='ltr'><em>καθῆται</em></span> <span class='ocrx_word' id='word_1_124' title='bbox 1020 2189 1065 2258; x_wconf 74' lang='grc' dir='ltr'>τῆς</span> <span class='ocrx_word' id='word_1_125' title='bbox 1083 2195 1183 2262; x_wconf 78' lang='grc' dir='ltr'><em>πέτρας</em></span> 
     </span>
     <span class='ocr_line' id='line_1_18' title="bbox 543 2271 1100 2350; baseline 0.005 -21"><span class='ocrx_word' id='word_1_126' title='bbox 543 2282 665 2347; x_wconf 80' lang='grc' dir='ltr'><em>Κέχηνεν</em></span> <span class='ocrx_word' id='word_1_127' title='bbox 684 2271 776 2350; x_wconf 73' lang='grc' dir='ltr'><em>ὥσπερ</em></span> <span class='ocrx_word' id='word_1_128' title='bbox 796 2278 954 2350; x_wconf 76' lang='grc' dir='ltr'><em>ἐμποδίζων</em></span> <span class='ocrx_word' id='word_1_129' title='bbox 974 2279 1100 2349; x_wconf 79' lang='grc' dir='ltr'><em>ἴσχαδας.</em></span> 
     </span>
     <span class='ocr_line' id='line_1_19' title="bbox 258 2366 1431 2440; baseline 0.003 -20"><span class='ocrx_word' id='word_1_130' title='bbox 258 2366 292 2422; x_wconf 90' lang='lat' dir='ltr'>Id</span> <span class='ocrx_word' id='word_1_131' title='bbox 311 2371 366 2421; x_wconf 85' lang='lat' dir='ltr'>est:</span> <span class='ocrx_word' id='word_1_132' title='bbox 396 2366 474 2422; x_wconf 87' lang='lat' dir='ltr'>Civis</span> <span class='ocrx_word' id='word_1_133' title='bbox 498 2367 618 2438; x_wconf 87' lang='lat' dir='ltr'>quisque</span> <span class='ocrx_word' id='word_1_134' title='bbox 642 2368 720 2422; x_wconf 91' lang='lat' dir='ltr'>domi</span> <span class='ocrx_word' id='word_1_135' title='bbox 739 2374 783 2423; x_wconf 87' lang='lat' dir='ltr'>est</span> <span class='ocrx_word' id='word_1_136' title='bbox 803 2368 1002 2440; x_wconf 66' lang='lat' dir='ltr'>probissimus</span> <span class='ocrx_word' id='word_1_137' title='bbox 1020 2369 1119 2424; x_wconf 90' lang='lat' dir='ltr'>sedin</span> <span class='ocrx_word' id='word_1_138' title='bbox 1138 2369 1258 2424; x_wconf 88' lang='lat' dir='ltr'>consilio</span> <span class='ocrx_word' id='word_1_139' title='bbox 1276 2369 1431 2426; x_wconf 87' lang='lat' dir='ltr'>universus</span> 
     </span>
     <span class='ocr_line' id='line_1_20' title="bbox 257 2456 1431 2531; baseline 0.003 -21"><span class='ocrx_word' id='word_1_140' title='bbox 257 2457 381 2528; x_wconf 91' lang='lat' dir='ltr'>populus</span> <span class='ocrx_word' id='word_1_141' title='bbox 409 2474 457 2511; x_wconf 90' lang='lat' dir='ltr'>ore</span> <span class='ocrx_word' id='word_1_142' title='bbox 486 2456 586 2511; x_wconf 81' lang='lat' dir='ltr'>hiante</span> <span class='ocrx_word' id='word_1_143' title='bbox 613 2463 642 2512; x_wconf 87' lang='lat' dir='ltr'>et</span> <span class='ocrx_word' id='word_1_144' title='bbox 669 2457 825 2512; x_wconf 88' lang='lat' dir='ltr'>hebescens</span> <span class='ocrx_word' id='word_1_145' title='bbox 850 2457 925 2513; x_wconf 88' lang='lat' dir='ltr'>sicut</span> <span class='ocrx_word' id='word_1_146' title='bbox 950 2459 1045 2528; x_wconf 85' lang='lat' dir='ltr'>homo,</span> <span class='ocrx_word' id='word_1_147' title='bbox 1065 2458 1114 2529; x_wconf 91' lang='lat' dir='ltr'>qui</span> <span class='ocrx_word' id='word_1_148' title='bbox 1132 2459 1203 2513; x_wconf 91' lang='lat' dir='ltr'>ficos</span> <span class='ocrx_word' id='word_1_149' title='bbox 1222 2459 1332 2531; x_wconf 87' lang='lat' dir='ltr'>alligat.</span> <span class='ocrx_word' id='word_1_150' title='bbox 1372 2459 1431 2514; x_wconf 81' lang='lat' dir='ltr'>Ofr.</span> 
     </span>
     <span class='ocr_line' id='line_1_21' title="bbox 257 2544 1431 2619; baseline 0.004 -21"><span class='ocrx_word' id='word_1_151' title='bbox 257 2544 444 2617; x_wconf 85' lang='lat' dir='ltr'>Aristophan.</span> <span class='ocrx_word' id='word_1_152' title='bbox 465 2546 553 2616; x_wconf 82' lang='lat' dir='ltr'>equit.</span> <span class='ocrx_word' id='word_1_153' title='bbox 574 2547 724 2614; x_wconf 79' lang='lat'>1175—78,</span> <span class='ocrx_word' id='word_1_154' title='bbox 748 2547 798 2601; x_wconf 92' lang='lat' dir='ltr'>ubi</span> <span class='ocrx_word' id='word_1_155' title='bbox 825 2553 911 2618; x_wconf 86' lang='lat' dir='ltr'>poeta</span> <span class='ocrx_word' id='word_1_156' title='bbox 939 2547 1052 2602; x_wconf 89' lang='lat' dir='ltr'>Solonis</span> <span class='ocrx_word' id='word_1_157' title='bbox 1071 2547 1269 2619; x_wconf 76' lang='lat' dir='ltr'>fragmentum</span> <span class='ocrx_word' id='word_1_158' title='bbox 1289 2549 1330 2618; x_wconf 88' lang='grc'>14,</span> <span class='ocrx_word' id='word_1_159' title='bbox 1352 2549 1431 2603; x_wconf 87' lang='grc'>1-4.</span> 
     </span>
     <span class='ocr_line' id='line_1_22' title="bbox 256 2635 1431 2708; baseline 0.003 -20"><span class='ocrx_word' id='word_1_160' title='bbox 256 2635 362 2704; x_wconf 83' lang='lat' dir='ltr'>Bergk.</span> <span class='ocrx_word' id='word_1_161' title='bbox 382 2635 577 2705; x_wconf 76' lang='lat' dir='ltr'>perstringere</span> <span class='ocrx_word' id='word_1_162' title='bbox 600 2635 724 2690; x_wconf 89' lang='lat' dir='ltr'>videtur.</span> <span class='ocrx_word' id='word_1_163' title='bbox 771 2635 907 2690; x_wconf 85' lang='lat' dir='ltr'>Cratinus</span> <span class='ocrx_word' id='word_1_164' title='bbox 935 2642 1032 2690; x_wconf 88' lang='lat' dir='ltr'>autern</span> <span class='ocrx_word' id='word_1_165' title='bbox 1060 2636 1091 2690; x_wconf 91' lang='lat' dir='ltr'>in</span> <span class='ocrx_word' id='word_1_166' title='bbox 1119 2637 1267 2692; x_wconf 83' lang='lat' dir='ltr'>comoedia</span> <span class='ocrx_word' id='word_1_167' title='bbox 1292 2656 1364 2708; x_wconf 89' lang='lat' dir='ltr'>quae</span> <span class='ocrx_word' id='word_1_168' title='bbox 1388 2637 1431 2692; x_wconf 91' lang='lat' dir='ltr'>in·</span> 
     </span>
     <span class='ocr_line' id='line_1_23' title="bbox 194 2711 774 2795; baseline 0.007 -19"><span class='ocrx_word' id='word_1_169' title='bbox 194 2790 195 2793; x_wconf 9' lang='lat'>¹</span> <span class='ocrx_word' id='word_1_170' title='bbox 256 2723 393 2778; x_wconf 81' lang='lat' dir='ltr'>scribitur</span> <span class='ocrx_word' id='word_1_171' title='bbox 410 2717 494 2795; x_wconf 82' lang='grc' dir='ltr'><em>νόμοι</em></span> <span class='ocrx_word' id='word_1_172' title='bbox 514 2711 627 2778; x_wconf 84' lang='lat' dir='ltr'>Solonis</span> <span class='ocrx_word' id='word_1_173' title='bbox 646 2741 774 2781; x_wconf 83' lang='lat' dir='ltr'>versum:</span> 
     </span>
     <span class='ocr_line' id='line_1_24' title="bbox 456 2805 1233 2886; baseline 0.005 -22"><span class='ocrx_word' id='word_1_174' title='bbox 456 2805 552 2883; x_wconf 51' lang='grc' dir='ltr'>ζΥμών</span> <span class='ocrx_word' id='word_1_175' title='bbox 571 2807 596 2864; x_wconf 76' lang='grc' dir='ltr'>δ’</span> <span class='ocrx_word' id='word_1_176' title='bbox 617 2810 656 2871; x_wconf 77' lang='grc' dir='ltr'>εἷς</span> <span class='ocrx_word' id='word_1_177' title='bbox 673 2815 727 2886; x_wconf 80' lang='grc' dir='ltr'>μὲν</span> <span class='ocrx_word' id='word_1_178' title='bbox 746 2812 860 2872; x_wconf 74' lang='grc' dir='ltr'><em>ἕκαστος</em></span> <span class='ocrx_word' id='word_1_179' title='bbox 879 2806 1018 2872; x_wconf 68' lang='grc' dir='ltr'><em>ἀλώπεκος</em></span> <span class='ocrx_word' id='word_1_180' title='bbox 1037 2818 1124 2884; x_wconf 82' lang='grc' dir='ltr'><em>ἴχνεσι</em></span> <span class='ocrx_word' id='word_1_181' title='bbox 1143 2821 1233 2884; x_wconf 80' lang='grc' dir='ltr'><em>βαίνει</em></span> 
     </span>
     <span class='ocr_line' id='line_1_25' title="bbox 255 2899 719 2956; baseline 0.009 -4"><span class='ocrx_word' id='word_1_182' title='bbox 255 2899 359 2955; x_wconf 85' lang='lat' dir='ltr'>leviter</span> <span class='ocrx_word' id='word_1_183' title='bbox 378 2906 589 2956; x_wconf 88' lang='lat' dir='ltr'>commutatum</span> <span class='ocrx_word' id='word_1_184' title='bbox 607 2903 719 2956; x_wconf 90' lang='lat' dir='ltr'>attulit:</span> 
     </span>
     <span class='ocr_line' id='line_1_26' title="bbox 460 2983 1209 3064; baseline 0.007 -23"><span class='ocrx_word' id='word_1_185' title='bbox 460 2983 555 3061; x_wconf 79' lang='grc' dir='ltr'><em>Ὑμών</em></span> <span class='ocrx_word' id='word_1_186' title='bbox 575 2983 601 3042; x_wconf 83' lang='grc' dir='ltr'>δ’</span> <span class='ocrx_word' id='word_1_187' title='bbox 621 2988 659 3050; x_wconf 81' lang='grc' dir='ltr'>εἷς</span> <span class='ocrx_word' id='word_1_188' title='bbox 677 2993 731 3063; x_wconf 78' lang='grc' dir='ltr'>μὲν</span> <span class='ocrx_word' id='word_1_189' title='bbox 750 2991 863 3051; x_wconf 79' lang='grc' dir='ltr'><em>ἕκαστος</em></span> <span class='ocrx_word' id='word_1_190' title='bbox 882 2985 991 3060; x_wconf 67' lang='grc' dir='ltr'><em>ἀλώπηξ</em></span> <span class='ocrx_word' id='word_1_191' title='bbox 1009 2993 1209 3064; x_wconf 81' lang='grc' dir='ltr'><em>δωροδοκεῑται</em></span> 
     </span>
     <span class='ocr_line' id='line_1_27' title="bbox 256 3075 1427 3153; baseline 0.007 -23"><span class='ocrx_word' id='word_1_192' title='bbox 256 3075 319 3148; x_wconf 85' lang='lat' dir='ltr'>(cfr.</span> <span class='ocrx_word' id='word_1_193' title='bbox 338 3078 391 3132; x_wconf 78' lang='lat' dir='ltr'>Th.</span> <span class='ocrx_word' id='word_1_194' title='bbox 411 3079 516 3149; x_wconf 84' lang='lat' dir='ltr'>Bergk,</span> <span class='ocrx_word' id='word_1_195' title='bbox 536 3080 645 3134; x_wconf 86' lang='lat' dir='ltr'>Oomm.</span> <span class='ocrx_word' id='word_1_196' title='bbox 665 3081 700 3135; x_wconf 90' lang='lat' dir='ltr'>de</span> <span class='ocrx_word' id='word_1_197' title='bbox 718 3082 767 3136; x_wconf 89' lang='lat' dir='ltr'>rel.</span> <span class='ocrx_word' id='word_1_198' title='bbox 787 3099 858 3138; x_wconf 89' lang='lat' dir='ltr'>com.</span> <span class='ocrx_word' id='word_1_199' title='bbox 879 3082 956 3137; x_wconf 88' lang='lat' dir='ltr'>attic.</span> <span class='ocrx_word' id='word_1_200' title='bbox 976 3101 1003 3153; x_wconf 92' lang='lat' dir='ltr'>p.</span> <span class='ocrx_word' id='word_1_201' title='bbox 1024 3082 1095 3153; x_wconf 85' lang='lat'>135).</span> <span class='ocrx_word' id='word_1_202' title='bbox 1127 3082 1174 3137; x_wconf 92' lang='lat' dir='ltr'>Ad</span> <span class='ocrx_word' id='word_1_203' title='bbox 1193 3082 1307 3138; x_wconf 90' lang='lat' dir='ltr'>Solonis</span> <span class='ocrx_word' id='word_1_204' title='bbox 1325 3101 1427 3139; x_wconf 90' lang='lat' dir='ltr'>versus</span> 
     </span>
     <span class='ocr_line' id='line_1_28' title="bbox 256 3159 1392 3240; baseline 0.008 -22"><span class='ocrx_word' id='word_1_205' title='bbox 256 3185 279 3218; x_wconf 88' lang='grc' dir='ltr'>κ.</span> <span class='ocrx_word' id='word_1_206' title='bbox 299 3186 321 3219; x_wconf 86' lang='grc' dir='ltr'>τ,</span> <span class='ocrx_word' id='word_1_207' title='bbox 341 3169 363 3218; x_wconf 78' lang='lat' dir='ltr'>l.</span> <span class='ocrx_word' id='word_1_208' title='bbox 385 3159 478 3238; x_wconf 79' lang='grc' dir='ltr'><em>Ὑμῶν</em></span> <span class='ocrx_word' id='word_1_209' title='bbox 498 3161 524 3219; x_wconf 84' lang='grc' dir='ltr'>δ’</span> <span class='ocrx_word' id='word_1_210' title='bbox 544 3165 583 3226; x_wconf 80' lang='grc' dir='ltr'>εἷς</span> <span class='ocrx_word' id='word_1_211' title='bbox 600 3169 653 3240; x_wconf 79' lang='grc' dir='ltr'>μὲν</span> <span class='ocrx_word' id='word_1_212' title='bbox 671 3189 695 3222; x_wconf 84' lang='grc' dir='ltr'>κ.</span> <span class='ocrx_word' id='word_1_213' title='bbox 714 3189 735 3222; x_wconf 83' lang='grc' dir='ltr'>τ.</span> <span class='ocrx_word' id='word_1_214' title='bbox 756 3174 778 3223; x_wconf 77' lang='grc' dir='ltr'>λ.</span> <span class='ocrx_word' id='word_1_215' title='bbox 799 3171 931 3226; x_wconf 87' lang='lat' dir='ltr'>conferas</span> <span class='ocrx_word' id='word_1_216' title='bbox 949 3171 1037 3226; x_wconf 85' lang='lat' dir='ltr'>velim</span> <span class='ocrx_word' id='word_1_217' title='bbox 1056 3172 1227 3227; x_wconf 84' lang='lat' dir='ltr'>Schillerum</span> <span class='ocrx_word' id='word_1_218' title='bbox 1245 3178 1392 3227; x_wconf 86' lang='lat' dir='ltr'>nostrum:</span> 
     </span>
    </p>

    <p class='ocr_par' dir='ltr' id='par_1_9' title="bbox 293 3255 1337 3332">
     <span class='ocr_line' id='line_1_29' title="bbox 293 3255 1337 3332; baseline 0.005 -21"><span class='ocrx_word' id='word_1_219' title='bbox 293 3257 314 3311; x_wconf 89' lang='lat' dir='ltr'><strong>J</strong></span> <span class='ocrx_word' id='word_1_220' title='bbox 315 3255 390 3326; x_wconf 87' lang='lat' dir='ltr'>eder,</span> <span class='ocrx_word' id='word_1_221' title='bbox 409 3256 486 3310; x_wconf 91' lang='lat' dir='ltr'>sieht</span> <span class='ocrx_word' id='word_1_222' title='bbox 503 3275 572 3312; x_wconf 88' lang='lat' dir='ltr'>man</span> <span class='ocrx_word' id='word_1_223' title='bbox 590 3257 642 3313; x_wconf 92' lang='lat' dir='ltr'>ihn</span> <span class='ocrx_word' id='word_1_224' title='bbox 661 3259 780 3330; x_wconf 83' lang='lat' dir='ltr'>einzeln,</span> <span class='ocrx_word' id='word_1_225' title='bbox 799 3260 838 3314; x_wconf 90' lang='lat' dir='ltr'>ist</span> <span class='ocrx_word' id='word_1_226' title='bbox 856 3260 972 3316; x_wconf 89' lang='lat' dir='ltr'>leidlich</span> <span class='ocrx_word' id='word_1_227' title='bbox 991 3261 1062 3332; x_wconf 89' lang='lat' dir='ltr'>klug</span> <span class='ocrx_word' id='word_1_228' title='bbox 1080 3262 1140 3315; x_wconf 92' lang='lat' dir='ltr'>und</span> <span class='ocrx_word' id='word_1_229' title='bbox 1158 3262 1337 3332; x_wconf 73' lang='lat' dir='ltr'>verstltndig,</span> 
     </span>
    </p>

    <p class='ocr_par' dir='ltr' id='par_1_10' title="bbox 254 3344 1428 3774">
     <span class='ocr_line' id='line_1_30' title="bbox 291 3344 1310 3422; baseline 0.006 -24"><span class='ocrx_word' id='word_1_230' title='bbox 291 3344 362 3400; x_wconf 86' lang='lat' dir='ltr'>Sind</span> <span class='ocrx_word' id='word_1_231' title='bbox 381 3345 422 3400; x_wconf 89' lang='lat' dir='ltr'>sie</span> <span class='ocrx_word' id='word_1_232' title='bbox 440 3345 471 3400; x_wconf 89' lang='lat' dir='ltr'>in</span> <span class='ocrx_word' id='word_1_233' title='bbox 490 3365 616 3418; x_wconf 89' lang='lat' dir='ltr'>corpore,</span> <span class='ocrx_word' id='word_1_234' title='bbox 635 3348 731 3419; x_wconf 88' lang='lat' dir='ltr'>gleich</span> <span class='ocrx_word' id='word_1_235' title='bbox 748 3349 823 3403; x_wconf 86' lang='lat' dir='ltr'>wird</span> <span class='ocrx_word' id='word_1_236' title='bbox 841 3349 914 3404; x_wconf 88' lang='lat' dir='ltr'>euch</span> <span class='ocrx_word' id='word_1_237' title='bbox 933 3349 979 3404; x_wconf 91' lang='lat' dir='ltr'>ein</span> <span class='ocrx_word' id='word_1_238' title='bbox 998 3351 1181 3422; x_wconf 83' lang='lat' dir='ltr'>Dummkopf</span> <span class='ocrx_word' id='word_1_239' title='bbox 1197 3349 1310 3404; x_wconf 77' lang='lat' dir='ltr'>danaus</span> 
     </span>
     <span class='ocr_line' id='line_1_31' title="bbox 254 3435 1428 3510; baseline 0.003 -22"><span class='ocrx_word' id='word_1_240' title='bbox 254 3435 356 3490; x_wconf 88' lang='lat' dir='ltr'>Nauck</span> <span class='ocrx_word' id='word_1_241' title='bbox 375 3440 473 3489; x_wconf 89' lang='lat' dir='ltr'>autem</span> <span class='ocrx_word' id='word_1_242' title='bbox 492 3435 534 3502; x_wconf 91' lang='lat' dir='ltr'>(in</span> <span class='ocrx_word' id='word_1_243' title='bbox 547 3436 700 3508; x_wconf 87' lang='lat' dir='ltr'>Philologo</span> <span class='ocrx_word' id='word_1_244' title='bbox 719 3455 746 3492; x_wconf 85' lang='lat' dir='ltr'>v.</span> <span class='ocrx_word' id='word_1_245' title='bbox 766 3439 803 3507; x_wconf 93' lang='lat' dir='ltr'>X,</span> <span class='ocrx_word' id='word_1_246' title='bbox 822 3457 849 3509; x_wconf 90' lang='lat' dir='ltr'>p.</span> <span class='ocrx_word' id='word_1_247' title='bbox 863 3437 927 3508; x_wconf 79' lang='lat'>575)</span> <span class='ocrx_word' id='word_1_248' title='bbox 945 3457 997 3510; x_wconf 91' lang='lat' dir='ltr'>pro</span> <span class='ocrx_word' id='word_1_249' title='bbox 1013 3438 1118 3508; x_wconf 82' lang='grc' dir='ltr'><em>χαῦνος</em></span> <span class='ocrx_word' id='word_1_250' title='bbox 1131 3445 1181 3493; x_wconf 85' lang='lat' dir='ltr'>aut</span> <span class='ocrx_word' id='word_1_251' title='bbox 1194 3439 1306 3509; x_wconf 78' lang='grc' dir='ltr'>κοῦρος,</span> <span class='ocrx_word' id='word_1_252' title='bbox 1327 3439 1428 3510; x_wconf 82' lang='grc' dir='ltr'><em>κοῦρος</em></span> 
     </span>
     <span class='ocr_line' id='line_1_32' title="bbox 254 3521 1428 3600; baseline 0.006 -24"><span class='ocrx_word' id='word_1_253' title='bbox 254 3523 409 3594; x_wconf 85' lang='lat' dir='ltr'>legendum</span> <span class='ocrx_word' id='word_1_254' title='bbox 428 3541 491 3580; x_wconf 88' lang='lat' dir='ltr'>esse</span> <span class='ocrx_word' id='word_1_255' title='bbox 509 3525 625 3595; x_wconf 86' lang='lat' dir='ltr'>statuit,</span> <span class='ocrx_word' id='word_1_256' title='bbox 655 3527 731 3596; x_wconf 92' lang='lat' dir='ltr'>quod</span> <span class='ocrx_word' id='word_1_257' title='bbox 754 3521 836 3584; x_wconf 82' lang='grc' dir='ltr'><em>κακός</em></span> <span class='ocrx_word' id='word_1_258' title='bbox 861 3526 1014 3598; x_wconf 87' lang='lat' dir='ltr'>significat.</span> <span class='ocrx_word' id='word_1_259' title='bbox 1051 3529 1167 3583; x_wconf 84' lang='lat' dir='ltr'>Etenim</span> <span class='ocrx_word' id='word_1_260' title='bbox 1187 3529 1312 3600; x_wconf 88' lang='lat' dir='ltr'>vestigia</span> <span class='ocrx_word' id='word_1_261' title='bbox 1331 3529 1428 3600; x_wconf 90' lang='lat' dir='ltr'>vulpis</span> 
     </span>
     <span class='ocr_line' id='line_1_33' title="bbox 254 3613 1425 3689; baseline 0.005 -24"><span class='ocrx_word' id='word_1_262' title='bbox 254 3629 391 3684; x_wconf 90' lang='lat' dir='ltr'>premere,</span> <span class='ocrx_word' id='word_1_263' title='bbox 411 3613 441 3667; x_wconf 93' lang='lat' dir='ltr'>id</span> <span class='ocrx_word' id='word_1_264' title='bbox 460 3619 504 3668; x_wconf 88' lang='lat' dir='ltr'>est</span> <span class='ocrx_word' id='word_1_265' title='bbox 523 3614 640 3685; x_wconf 92' lang='lat' dir='ltr'>vulpem</span> <span class='ocrx_word' id='word_1_266' title='bbox 660 3632 730 3685; x_wconf 90' lang='lat' dir='ltr'>esse,</span> <span class='ocrx_word' id='word_1_267' title='bbox 754 3633 813 3669; x_wconf 91' lang='lat' dir='ltr'>non</span> <span class='ocrx_word' id='word_1_268' title='bbox 835 3617 921 3669; x_wconf 91' lang='lat' dir='ltr'>modo</span> <span class='ocrx_word' id='word_1_269' title='bbox 939 3617 1011 3670; x_wconf 84' lang='lat' dir='ltr'>levis</span> <span class='ocrx_word' id='word_1_270' title='bbox 1029 3622 1059 3672; x_wconf 91' lang='lat' dir='ltr'>et</span> <span class='ocrx_word' id='word_1_271' title='bbox 1076 3618 1289 3689; x_wconf 85' lang='lat' dir='ltr'>languescentis</span> <span class='ocrx_word' id='word_1_272' title='bbox 1308 3617 1425 3689; x_wconf 84' lang='lat' dir='ltr'>ingenii,</span> 
     </span>
     <span class='ocr_line' id='line_1_34' title="bbox 255 3701 1425 3774; baseline 0.008 -22"><span class='ocrx_word' id='word_1_273' title='bbox 255 3701 411 3758; x_wconf 85' lang='lat' dir='ltr'>sedetiam</span> <span class='ocrx_word' id='word_1_274' title='bbox 430 3703 513 3774; x_wconf 83' lang='lat' dir='ltr'>pravi</span> <span class='ocrx_word' id='word_1_275' title='bbox 532 3721 594 3759; x_wconf 89' lang='lat' dir='ltr'>esse</span> <span class='ocrx_word' id='word_1_276' title='bbox 612 3709 693 3758; x_wconf 87' lang='lat' dir='ltr'>ratus</span> <span class='ocrx_word' id='word_1_277' title='bbox 713 3709 764 3758; x_wconf 87' lang='lat' dir='ltr'>est.</span> <span class='ocrx_word' id='word_1_278' title='bbox 792 3705 930 3760; x_wconf 86' lang='lat' dir='ltr'>Fortasse</span> <span class='ocrx_word' id='word_1_279' title='bbox 946 3705 992 3760; x_wconf 88' lang='lat' dir='ltr'>vir</span> <span class='ocrx_word' id='word_1_280' title='bbox 1015 3705 1197 3761; x_wconf 86' lang='lat' dir='ltr'>doctissimus</span> <span class='ocrx_word' id='word_1_281' title='bbox 1216 3707 1251 3762; x_wconf 87' lang='lat' dir='ltr'>de</span> <span class='ocrx_word' id='word_1_282' title='bbox 1269 3706 1425 3761; x_wconf 86' lang='lat' dir='ltr'>Simonidis</span> 
     </span>
    </p>
   </div>
   <div class='ocr_carea' id='block_1_9' title="bbox 253 3787 1426 3947">
    <p class='ocr_par' dir='ltr' id='par_1_11' title="bbox 253 3787 1426 3947">
     <span class='ocr_line' id='line_1_35' title="bbox 254 3787 1426 3881; baseline 0.008 -39"><span class='ocrx_word' id='word_1_283' title='bbox 254 3787 407 3861; x_wconf 87' lang='lat' dir='ltr'>Amorgiui</span> <span class='ocrx_word' id='word_1_284' title='bbox 426 3792 592 3864; x_wconf 87' lang='lat' dir='ltr'>fragmento</span> <span class='ocrx_word' id='word_1_285' title='bbox 612 3794 628 3848; x_wconf 77' lang='lat'>7</span> <span class='ocrx_word' id='word_1_286' title='bbox 647 3794 757 3864; x_wconf 79' lang='lat' dir='ltr'>(Bergk</span> <span class='ocrx_word' id='word_1_287' title='bbox 775 3794 806 3848; x_wconf 94' lang='grc' dir='ltr'>Π</span> <span class='ocrx_word' id='word_1_288' title='bbox 820 3794 875 3881; x_wconf 83' lang='lat' dir='ltr'>vol.</span> <span class='ocrx_word' id='word_1_289' title='bbox 886 3813 913 3865; x_wconf 86' lang='lat' dir='ltr'>p.</span> <span class='ocrx_word' id='word_1_290' title='bbox 924 3793 988 3864; x_wconf 83' lang='lat'>446)</span> <span class='ocrx_word' id='word_1_291' title='bbox 1008 3795 1155 3866; x_wconf 89' lang='lat' dir='ltr'>cogitavit.</span> <span class='ocrx_word' id='word_1_292' title='bbox 1183 3796 1219 3849; x_wconf 91' lang='lat' dir='ltr'>In</span> <span class='ocrx_word' id='word_1_293' title='bbox 1238 3801 1320 3850; x_wconf 85' lang='lat' dir='ltr'>sexto</span> <span class='ocrx_word' id='word_1_294' title='bbox 1339 3814 1426 3852; x_wconf 87' lang='lat' dir='ltr'>versu</span> 
     </span>
     <span class='ocr_line' id='line_1_36' title="bbox 253 3876 404 3947; baseline 0.02 -16"><span class='ocrx_word' id='word_1_295' title='bbox 253 3876 404 3947; x_wconf 87' lang='lat' dir='ltr'>leguntur:</span> 
     </span>
    </p>
   </div>
   <div class='ocr_carea' id='block_1_10' title="bbox 538 3964 1104 4133">
    <p class='ocr_par' dir='ltr' id='par_1_12' title="bbox 538 3964 1104 4133">
     <span class='ocr_line' id='line_1_37' title="bbox 542 3964 1104 4043; baseline 0.002 -19"><span class='ocrx_word' id='word_1_296' title='bbox 542 3964 597 4038; x_wconf 75' lang='grc' dir='ltr'>Τὴν</span> <span class='ocrx_word' id='word_1_297' title='bbox 615 3974 643 4032; x_wconf 70' lang='grc' dir='ltr'>ἐξ</span> <span class='ocrx_word' id='word_1_298' title='bbox 661 3965 769 4043; x_wconf 73' lang='grc' dir='ltr'><em>ιῖλιτρῆς</em></span> <span class='ocrx_word' id='word_1_299' title='bbox 787 3965 853 4030; x_wconf 74' lang='grc' dir='ltr'>θεός</span> <span class='ocrx_word' id='word_1_300' title='bbox 870 3966 945 4039; x_wconf 69' lang='grc' dir='ltr'><strong><em>ἔθηκ’</em></strong></span> <span class='ocrx_word' id='word_1_301' title='bbox 966 3966 1104 4031; x_wconf 74' lang='grc' dir='ltr'><em>ἀλώπεκος</em></span> 
     </span>
     <span class='ocr_line' id='line_1_38' title="bbox 538 4055 962 4133; baseline 0.007 -21"><span class='ocrx_word' id='word_1_302' title='bbox 538 4066 659 4112; x_wconf 79' lang='grc' dir='ltr'><em>Γυναῖκα</em></span> <span class='ocrx_word' id='word_1_303' title='bbox 677 4055 789 4113; x_wconf 80' lang='grc' dir='ltr'><em>πάντων</em></span> <span class='ocrx_word' id='word_1_304' title='bbox 808 4060 883 4133; x_wconf 86' lang='grc' dir='ltr'><em>ἴδριν</em></span> <span class='ocrx_word' id='word_1_305' title='bbox 904 4104 909 4115; x_wconf 93' lang='grc'>,</span> <span class='ocrx_word' id='word_1_306' title='bbox 930 4104 936 4118; x_wconf 92' lang='grc'><strong>.</strong></span> <span class='ocrx_word' id='word_1_307' title='bbox 957 4104 962 4115; x_wconf 91' lang='grc'><strong>.</strong></span> 
     </span>
    </p>
   </div>
   <div class='ocr_carea' id='block_1_11' title="bbox 251 4140 1422 4307">
    <p class='ocr_par' dir='ltr' id='par_1_13' title="bbox 251 4140 1422 4307">
     <span class='ocr_line' id='line_1_39' title="bbox 251 4140 1422 4225; baseline 0.008 -25"><span class='ocrx_word' id='word_1_308' title='bbox 251 4144 308 4202; x_wconf 86' lang='lat' dir='ltr'>Sed</span> <span class='ocrx_word' id='word_1_309' title='bbox 326 4145 382 4201; x_wconf 92' lang='lat' dir='ltr'>hoc</span> <span class='ocrx_word' id='word_1_310' title='bbox 400 4146 462 4202; x_wconf 87' lang='lat' dir='ltr'>loco</span> <span class='ocrx_word' id='word_1_311' title='bbox 483 4140 590 4220; x_wconf 78' lang='grc' dir='ltr'><em>ἀλιτρός</em></span> <span class='ocrx_word' id='word_1_312' title='bbox 611 4150 683 4204; x_wconf 92' lang='lat' dir='ltr'>illud</span> <span class='ocrx_word' id='word_1_313' title='bbox 702 4149 817 4221; x_wconf 89' lang='lat' dir='ltr'>quidem</span> <span class='ocrx_word' id='word_1_314' title='bbox 829 4169 889 4206; x_wconf 93' lang='lat' dir='ltr'>non</span> <span class='ocrx_word' id='word_1_315' title='bbox 901 4151 1045 4207; x_wconf 89' lang='lat' dir='ltr'>nefarium</span> <span class='ocrx_word' id='word_1_316' title='bbox 1057 4151 1108 4206; x_wconf 86' lang='lat' dir='ltr'>sed</span> <span class='ocrx_word' id='word_1_317' title='bbox 1121 4151 1256 4208; x_wconf 84' lang='lat' dir='ltr'>callidum</span> <span class='ocrx_word' id='word_1_318' title='bbox 1268 4152 1422 4225; x_wconf 85' lang='lat' dir='ltr'>significat.</span> 
     </span>
     <span class='ocr_line' id='line_1_40' title="bbox 252 4235 616 4307; baseline 0.005 -17"><span class='ocrx_word' id='word_1_319' title='bbox 252 4235 367 4291; x_wconf 83' lang='lat' dir='ltr'>Confer.</span> <span class='ocrx_word' id='word_1_320' title='bbox 388 4235 491 4307; x_wconf 88' lang='lat' dir='ltr'>Odyss.</span> <span class='ocrx_word' id='word_1_321' title='bbox 511 4255 531 4292; x_wconf 82' lang='grc' dir='ltr'>ε.</span> <span class='ocrx_word' id='word_1_322' title='bbox 553 4239 616 4292; x_wconf 81' lang='lat'>182:</span> 
     </span>
    </p>
   </div>
   <div class='ocr_carea' id='block_1_12' title="bbox 251 4319 1419 4494">
    <p class='ocr_par' dir='ltr' id='par_1_14' title="bbox 251 4319 1419 4494">
     <span class='ocr_line' id='line_1_41' title="bbox 479 4319 1217 4401; baseline 0.011 -25"><span class='ocrx_word' id='word_1_323' title='bbox 479 4319 520 4377; x_wconf 83' lang='grc' dir='ltr'><strong><em>Ἦ</em></strong></span> <span class='ocrx_word' id='word_1_324' title='bbox 535 4320 568 4393; x_wconf 78' lang='grc' dir='ltr'>δὴ</span> <span class='ocrx_word' id='word_1_325' title='bbox 590 4320 699 4398; x_wconf 78' lang='grc' dir='ltr'><em>δλιτρὸς</em></span> <span class='ocrx_word' id='word_1_326' title='bbox 716 4321 806 4398; x_wconf 74' lang='grc' dir='ltr'>γ’ἐσσὶ</span> <span class='ocrx_word' id='word_1_327' title='bbox 825 4334 872 4382; x_wconf 84' lang='grc' dir='ltr'>καὶ</span> <span class='ocrx_word' id='word_1_328' title='bbox 892 4323 942 4382; x_wconf 72' lang='grc' dir='ltr'>οὐκ</span> <span class='ocrx_word' id='word_1_329' title='bbox 962 4323 1110 4401; x_wconf 76' lang='grc' dir='ltr'><em>ἀποφώλια</em></span> <span class='ocrx_word' id='word_1_330' title='bbox 1130 4325 1217 4390; x_wconf 76' lang='grc' dir='ltr'><em>εἰδώς.</em></span> 
     </span>
     <span class='ocr_line' id='line_1_42' title="bbox 251 4411 1419 4494; baseline 0.009 -27"><span class='ocrx_word' id='word_1_331' title='bbox 251 4411 339 4468; x_wconf 85' lang='lat' dir='ltr'>Solon</span> <span class='ocrx_word' id='word_1_332' title='bbox 357 4420 454 4470; x_wconf 87' lang='lat' dir='ltr'>autem</span> <span class='ocrx_word' id='word_1_333' title='bbox 472 4415 699 4474; x_wconf 85' lang='lat' dir='ltr'>Atheniensibus</span> <span class='ocrx_word' id='word_1_334' title='bbox 717 4419 796 4474; x_wconf 85' lang='lat' dir='ltr'>laudi</span> <span class='ocrx_word' id='word_1_335' title='bbox 815 4419 911 4490; x_wconf 88' lang='lat' dir='ltr'>vertit,</span> <span class='ocrx_word' id='word_1_336' title='bbox 931 4419 1007 4490; x_wconf 89' lang='lat' dir='ltr'>quod</span> <span class='ocrx_word' id='word_1_337' title='bbox 1025 4438 1100 4476; x_wconf 89' lang='lat' dir='ltr'>unus</span> <span class='ocrx_word' id='word_1_338' title='bbox 1119 4419 1239 4492; x_wconf 90' lang='lat' dir='ltr'>quisque</span> <span class='ocrx_word' id='word_1_339' title='bbox 1257 4419 1353 4494; x_wconf 87' lang='lat' dir='ltr'>vulpis</span> <span class='ocrx_word' id='word_1_340' title='bbox 1372 4421 1419 4479; x_wconf 87' lang='lat' dir='ltr'>sit.</span> 
     </span>
    </p>
   </div>
   <div class='ocr_carea' id='block_1_13' title="bbox 0 0 1656 4914">
    <p class='ocr_par' dir='ltr' id='par_1_15' title="bbox 0 0 1656 4914">
     <span class='ocr_line' id='line_1_43' title="bbox 0 0 1656 4914; baseline 0 3"><span class='ocrx_word' id='word_1_341' title='bbox 0 0 1656 4914; x_wconf 95' lang='lat' dir='ltr'> </span> 
     </span>
    </p>
   </div>
  </div>
 </body>
</html>
