3302 4914
812 261 854 332 32

723 356 935 365 ...-

245 497 411 543 consensu
435 501 508 543 0000
532 478 681 544 insanire
705 480 894 567 simularet,
930 481 994 549 hoc
1028 490 1106 571 apte
1134 483 1263 571 fingere
1290 489 1411 576 potuit.

246 593 343 670 Quod
377 595 446 659 nisi
481 593 632 679 fecisset,
667 602 706 661 ut
732 606 833 684 poeta
861 605 939 685 apte
967 623 1002 664 se
1026 623 1224 688 praeconem
1248 603 1412 691 finxisset,

245 733 309 795 quo
337 711 448 796 magis
476 710 741 777 Atheniensium
772 715 902 779 animos
932 717 1103 782 excitaret.
1154 720 1273 804 Neque
1297 743 1315 784 e
1338 744 1413 806 per·

244 827 359 912 paucis
384 827 544 891 carminis
568 827 769 914 fragmentis
794 836 945 915 apparet,
983 855 1048 917 quo
1075 833 1175 899 modo
1203 836 1261 900 ille
1288 835 1413 901 hocin

244 943 393 1008 carmine
426 943 500 1028 ipso
536 943 766 1028 explicaverit.
815 944 913 1020 Quod
949 969 1030 1012 vero
1057 951 1296 1035 Begemannus
1332 974 1410 1016 con-

243 1058 370 1143 tendit,
405 1058 466 1123 hos
489 1080 608 1123 versus
633 1081 709 1122 cum
733 1059 894 1123 extremis
918 1059 1122 1149 discrepare,
1159 1069 1274 1133 nescio
1297 1076 1412 1134 utrum

243 1174 280 1238 in
302 1174 426 1260 plurali
449 1173 610 1258 haeserit,
646 1197 690 1238 an
718 1174 755 1239 in
782 1174 1027 1242 adhortatione.
1072 1179 1264 1268 Utrumque
1298 1191 1412 1250 autern

242 1297 312 1355 tam
335 1289 519 1354 vehemens
547 1313 585 1354 ac
612 1296 682 1354 tarn
705 1291 915 1356 luculentum
943 1313 1016 1356 esse
1043 1293 1215 1379 videatur,
1249 1307 1289 1363 ut
1323 1301 1411 1365 nihil

241 1405 351 1490 magis
375 1405 535 1472 idoneum
558 1405 601 1470 ad
624 1405 889 1472 Atheniensium
912 1407 1042 1474 animos
1059 1409 1250 1475 incitandos
1267 1417 1411 1498 cogitari

240 1521 358 1610 possit.

349 1637 400 1703 Ac
433 1661 478 1702 ne
513 1644 713 1723 argumenta
747 1639 898 1724 quidem,
935 1662 1020 1725 quae
1053 1641 1160 1706 Ernst
1192 1640 1233 1705 de
1260 1643 1409 1709 Leutsch

242 1755 276 1834 (l.
297 1755 318 1819 l.
343 1778 376 1841 p.
397 1756 459 1819 136
483 1751 547 1839 sq.)
570 1756 721 1841 protulit,
746 1754 920 1841 probanda
943 1763 1032 1821 sunt.
1063 1756 1283 1821 Plutarchum
1308 1758 1408 1843 enim,

140 1929 145 1940 .
242 1871 272 1935 si
296 1871 445 1936 carmina
468 1871 542 1957 ipsa
565 1871 779 1957 inspexisset,
804 1871 845 1936 de
868 1871 985 1937 multis
1008 1871 1109 1937 rebus
1130 1873 1229 1938 aliter
1244 1873 1410 1939 iudicatu-

240 2009 315 2051 rum
338 1986 444 2052 fuisse
468 1987 653 2052 contendit.

351 2159 378 2222 1.
425 2155 646 2222 Plutarchum
679 2156 723 2238 (v.
750 2157 817 2222 sol.
843 2180 870 2223 c.
896 2155 930 2240 3)
966 2158 1121 2224 dubitare
1155 2180 1225 2222 11011
1258 2156 1409 2244 potuisse

241 2273 324 2358 quin
358 2296 475 2338 versus
510 2272 610 2358 frgm.
639 2274 713 2337 3le
750 2273 897 2338 carmine
926 2273 967 2338 de
994 2273 1127 2359 legibus
1152 2275 1281 2360 sumpti
1303 2273 1411 2360 spurii

241 2396 364 2455 essent.
416 2389 527 2454 Hodie
556 2395 670 2454 autem
698 2389 728 2453 si
757 2389 862 2453 codex
891 2389 1024 2454 Solonis
1053 2389 1203 2453 carmina
1231 2390 1411 2454 continens

242 2511 385 2590 extaret,
410 2512 525 2570 tamen
547 2505 615 2569 viri
638 2503 730 2570 docti
753 2505 791 2569 in
814 2504 926 2570 medio
950 2503 1195 2590 relinquerent,
1230 2527 1349 2569 versus
1373 2505 1411 2568 in

242 2621 357 2687 codice
380 2621 504 2686 omissa
527 2628 641 2686 essent
664 2644 743 2686 casu
766 2643 809 2686 an
833 2621 1001 2704 consulto,
1038 2619 1127 2705 quod
1155 2619 1263 2706 spurii
1286 2626 1409 2704 essent,

240 2738 309 2802 nisi
333 2761 374 2802 ex
397 2737 473 2802 aliis
497 2738 706 2822 argumentis
730 2748 788 2802 aut
811 2737 875 2802 hoc
898 2744 957 2802 aut
979 2736 1066 2801 illud
1087 2737 1245 2822 colligere
1260 2742 1410 2822 possent.

241 2855 390 2918 Tantum
413 2853 521 2939 igitur
544 2853 648 2937 abest,
673 2859 712 2918 ut
735 2853 903 2919 dubitatio
927 2853 1109 2918 Plutarcho
1133 2853 1310 2940 opprobrio
1333 2874 1409 2918 ver-

223 2965 345 3034 tenda
369 2969 424 3054 sit,
448 2975 487 3033 ut
511 2969 543 3033 01
566 2968 659 3033 laudi
683 2969 738 3054 sit,
764 2969 853 3054 quod
876 2992 945 3035 non
960 2975 1086 3034 temere
1102 2969 1166 3035 hoo
1181 2967 1411 3054 fragmentum

241 3086 358 3152 Soloni
382 3085 599 3151 abiudicavit.

348 3257 378 3320 2.
425 3255 627 3320 Plutarchus
650 3254 805 3320 versibus
829 3255 955 3340 allatis,
985 3277 1043 3320 cur
1066 3255 1170 3322 Solon
1192 3254 1411 3341 tyrannidem

239 3371 480 3456 recusavisset,
516 3369 604 3435 dixit
639 3371 678 3451 (c.
711 3371 778 3452 17):
816 3360 895 3431 ὅθεν
923 3359 1070 3456 εὔδηλον,
1101 3360 1152 3432 ὅτι
1180 3365 1237 3432 καὶ
1261 3363 1328 3455 πρὸ
1352 3370 1411 3457 τῆς

241 3480 441 3567 νομοθεσίας
467 3479 611 3571 μεγάλην
641 3479 738 3562 δόξαν
765 3475 856 3564 εἶχεν.
895 3487 958 3552 Vir
982 3487 1100 3552 doctus
1125 3487 1304 3572 quaesivit,
1328 3509 1411 3552 num

241 3605 304 3670 hoc
327 3612 398 3670 tam
420 3604 610 3668 luculenter
633 3626 674 3668 ex
697 3603 751 3668 his
771 3603 926 3669 versibus
943 3610 1129 3690 appareret.
1163 3601 1276 3667 Certe!
1301 3624 1410 3668 ever-

241 3720 333 3785 sibus
357 3727 470 3785 autem
494 3720 557 3785 hoc
581 3720 697 3804 colligi
719 3720 922 3785 Plutarchus
945 3721 1018 3805 ipse
1041 3718 1161 3783 noluit.
1193 3718 1281 3782 Nam
1305 3724 1411 3784 totam

241 3837 501 3926 praecedentem
528 3836 760 3902 narrationem
789 3835 953 3922 respexit,
991 3841 1025 3898 et
1058 3833 1205 3918 Pythiae
1239 3835 1410 3901 oraculum

242 3959 276 4019 et
299 3952 564 4018 Atheniensium
586 3952 780 4018 voluntates
805 3959 839 4016 01
861 3949 1080 4037 tyrannidem
1104 3948 1261 4016 oblatam.

219 4254 320 4311 'sibus
338 4253 481 4308 insaniem
500 4251 613 4308 Solonis
632 4251 730 4308 fictam
753 4269 822 4309 esse.
862 4251 920 4307 Cur
945 4257 1041 4306 autem
1059 4252 1098 4306 M.
1117 4251 1262 4320 Duncker,
1284 4250 1302 4303 l.
1322 4249 1339 4303 l.
1359 4248 1409 4320 VI,

240 4363 267 4416 p.
280 4346 332 4400 144
345 4349 373 4399 et
388 4344 424 4400 ib.
439 4349 547 4409 annot,
561 4343 610 4413 qui
623 4349 700 4398 recte
712 4361 770 4396 11011
784 4341 938 4411 dubitavit,
957 4341 1026 4412 quin
1038 4359 1140 4396 versus
1152 4359 1183 4396 re
1195 4358 1264 4394 vera
1276 4357 1293 4392 a
1306 4338 1410 4394 Solone

241 4434 441 4504 recitarentur,
460 4433 521 4488 cius
540 4432 696 4487 amentiam
716 4437 813 4504 aperte
832 4432 932 4487 fictam
951 4449 1013 4487 esse
1033 4429 1219 4499 contenderit,
1238 4447 1297 4484 11011
1316 4428 1409 4485 video.
