3302 4914
818 264 862 329 24

729 354 942 365 ..ι-...-

248 477 346 542 illum
390 499 450 562 pro
495 477 656 563 genuinis
694 478 898 546 lectionibus
946 482 1060 568 posita
1111 491 1213 570 sunt,
1259 487 1427 576 videntur
1494 513 1496 518 ·

247 591 395 658 fluxisse.
464 593 542 658 Huc
576 592 663 657 illud
693 602 838 681 spectat,
869 597 974 682 vquod
1009 599 1099 686 apud
1133 601 1325 688 Diogenem
1360 628 1420 691 pro

247 701 386 770 πέλεται
424 705 470 791 (v.
503 707 533 787 1)
577 701 762 795 γίγνεταιῘ),
802 735 863 798 pro
914 706 1073 799 uidpelff)
1123 704 1230 800 άιδρις
1274 710 1335 778 ἐών
1379 743 1419 785 ex

247 825 396 889 Homero
414 823 499 888 illud
523 823 660 908 quidem
683 831 812 910 notum,
837 828 1002 913 scriptum
1017 831 1184 898 videmus.
1215 834 1312 899 Idem
1329 836 1420 901 enim

248 939 285 1006 in
319 941 438 1023 alter0,
475 923 564 1024 quod
599 940 763 1006 traditum
799 947 864 1026 est,
901 943 942 1007 de
970 945 1104 1031 tripode
1133 951 1265 1016 oraculo
1293 973 1353 1037 pro
1383 946 1420 1013 ἐκ

246 1049 369 1135 μέσσου
393 1091 435 1100 -
460 1049 496 1115 ἐκ
518 1045 641 1128 πόλιος
667 1078 728 1142 pro
757 1041 793 1130 ὃς
816 1049 920 1140 σοφίη
948 1050 991 1118 τά
1017 1052 1143 1123 τ’δοντα
1170 1058 1212 1127 τά
1241 1058 1419 1146 τὲσαόμενα

246 1164 465 1254 ντροδέδορκεν
505 1193 546 1235 ex
584 1171 757 1258 epicorum
791 1171 936 1237 formula
976 1173 1049 1254 (cfr.
1086 1177 1167 1242 Hes.
1207 1183 1335 1270 Theog.
1376 1185 1419 1249 38

247 1287 329 1352 Ilias
353 1285 395 1371 A,
421 1282 477 1370 70)
503 1272 538 1360 ὃς
567 1278 709 1372 δεδάηκα
733 1279 774 1348 τά
798 1277 907 1348 τ’δντα
930 1280 1119 1368 τέσαάμενα
1142 1314 1210 1375 ντρο
1234 1289 1361 1359 τ’ἑόντα
1386 1306 1420 1365 et

246 1424 307 1488 pro
334 1402 463 1468 Pittaci
490 1402 575 1493 scito
608 1394 646 1464 τδ
674 1393 747 1464 ἴσον
779 1398 849 1464 ἐστὶ
881 1404 939 1466 τοῦ
967 1398 1121 1485 πλείονος
1148 1402 1251 1468 πλέον
1273 1411 1420 1479 Hesiodi

247 1515 314 1606 (op.
339 1518 428 1585 6111.
453 1542 486 1584 v.
503 1519 560 1600 40)
584 1510 621 1580 τὸ
646 1509 746 1604 ἥμισυ
771 1519 830 1582 τοῦ
853 1513 979 1596 παντὸς
1002 1517 1119 1584 πλεῖον
1141 1511 1225 1584 εἶναι
1249 1524 1418 1591 Sosiorate

246 1641 381 1702 auctore
404 1635 527 1722 posuit.

352 1751 425 1816 Iam
452 1773 532 1816 vero
557 1752 651 1838 prius
680 1751 852 1817 distichon
875 1750 921 1836 (v.
946 1755 973 1836 1,
998 1755 1018 1818 2
1045 1742 1100 1814 Ἕκ
1124 1747 1258 1838 νεφέλης
1282 1748 1418 1816 πέλεται

246 1889 276 1928 κ.
292 1889 320 1928 τ.
338 1864 379 1947 λ.)
404 1867 495 1954 apud
516 1867 738 1933 Plutarchum
762 1865 849 1952 (vita
877 1868 944 1934 Sol.
970 1893 998 1935 6.
1023 1869 1056 1949 3)
1080 1876 1173 1934 extat
1201 1870 1419 1939 coniunctum

247 2007 323 2061 oum
346 1983 401 2049 his
424 1983 578 2048 versibus
603 1981 716 2069 (frgm.
744 1983 812 2064 12):
873 1993 876 1998 '

351 2088 406 2173 Ἐξ
426 2087 554 2178 άνέμων
577 2093 612 2160 δὲ
635 2091 792 2160 θάλασσα
815 2091 1027 2184 ταράσσεται·
1053 2089 1092 2186 ἢν
1115 2095 1150 2162 δὲ
1173 2121 1225 2175 τις
1248 2090 1349 2187 αὐτὴν

354 2206 415 2299 Μὴ
438 2215 520 2300 κινῇ,
544 2207 679 2276 πάντων
703 2210 773 2276 ἐστι
797 2208 1002 2301 δικαιοτάτη.

246 2332 318 2397 Hos
339 2353 456 2396 versus
478 2354 519 2396 ex
537 2331 601 2397 hoc
626 2354 755 2396 conexu
776 2331 839 2396 Ph.
858 2332 1029 2418 Berghius
1046 2331 1207 2398 demovit.
1244 2335 1332 2400 Nam
1354 2333 1419 2400 duo

247 2447 402 2533 disticha,
420 2471 437 2512 e
454 2447 598 2512 diversis
615 2453 748 2534 sumpta
765 2447 981 2532 carminibus,
998 2471 1018 2512 a
1033 2449 1216 2514 Plutarcho
1233 2451 1420 2535 composita

246 2587 320 2630 esse
336 2564 494 2650 opinatus
516 2570 577 2630 est.
613 2564 704 2629 Huic
726 2563 879 2650 opinioni
899 2587 919 2628 a
936 2564 1164 2650 compluribus
1182 2565 1419 2651 comprobatae

246 2702 354 2766 nuper
377 2681 416 2745 B.
441 2681 545 2746 Niese
574 2680 646 2759 (ll
648 2701 711 2765 .p.
737 2680 868 2745 5A.1
851 2675 884 2763 1)
912 2679 1055 2745 obstitit.
1103 2681 1178 2745 Hoc
1202 2681 1315 2746 iudice
1337 2682 1418 2746 Plu-

245 2795 383 2862 tarchus
408 2797 497 2862 solus
518 2787 671 2860 nativam
687 2818 726 2860 ao
741 2818 857 2860 veram
873 2818 954 2883 prae
970 2817 1006 2860 se
1022 2795 1090 2860 fert
1106 2817 1264 2861 versuum
1281 2797 1417 2881 seriem;

246 2912 288 2977 ab
312 2911 581 2979 editoribust
523 2918 581 2977 aut
583 2935 637 2977 em
664 2911 781 2998 inepte
803 2912 858 2977 his
883 2916 1042 2997 quattuor
1064 2912 1121 2976 vel
1144 2910 1274 2978 duobus
1298 2913 1418 3000 priori-

246 3028 309 3093 bus
332 3029 487 3094 versibus
511 3028 695 3112 distichon,
725 3027 815 3114 quod
838 3026 881 3092 ad
903 3027 1078 3092 Pisistrati
1100 3029 1320 3113 tyrannidem
1342 3053 1418 3116 per-

246 3145 384 3230 tineret,
408 3144 606 3211 adiunctum
630 3167 712 3209 esse.
761 3143 928 3221 Quattuor
952 3143 1043 3208 enim
1066 3166 1199 3228 versus,
1231 3168 1314 3232 quos
1337 3147 1417 3210 Plu·

246 3259 383 3326 tarchus
419 3260 549 3344 attulit,
586 3283 606 3325 a
639 3259 740 3325 rebus
774 3260 921 3346 publicis
956 3282 1093 3347 prorsus
1126 3261 1255 3327 alienos
1285 3285 1359 3327 esse
1388 3261 1419 3327 ei

247 3377 360 3443 visum
388 3382 449 3441 est.
495 3377 682 3462 Utriusque
709 3376 886 3462 opiniones
916 3382 950 3440 61
978 3376 1152 3462 probanda
1180 3377 1362 3442 continent
1384 3383 1420 3442 et
1514 3395 1518 3402 ·

246 3491 446 3579 respuenda.
478 3491 530 3558 Ac
550 3515 594 3557 ne
614 3492 700 3558 illud
721 3491 868 3578 quidem,
887 3491 977 3578 quod
992 3493 1159 3558 Ernestus
1177 3491 1219 3558 de
1234 3487 1419 3576 1166166113)
1446 3475 1451 3484 ⁵

246 3608 399 3696 protulit,
423 3613 514 3673 recte
538 3609 743 3695 explicatum
767 3615 828 3674 est.
875 3609 972 3674 Nihil
999 3609 1058 3674 ille
1081 3609 1260 3674 adrerum
1283 3614 1418 3673 natura·

355 3781 387 3856 1)
401 3786 512 3836 πέλεται
531 3784 706 3838 Plutarchus
725 3799 837 3856 quoque
857 3783 981 3841 exhibet.

353 3884 382 3952 2)
400 3882 543 3937 Diodorus
571 3882 626 3936 hoc
649 3882 712 3936 loco
737 3881 852 3952 scripsit
875 3880 997 3953 αἰδρείη,
1022 3881 1195 3936 6116161666
1223 3880 1318 3952 (XIX,
1339 3883 1363 3951 1,
1381 3879 1417 3950 4),

247 3991 333 4044 quem
352 3990 367 4027 e
386 3991 456 4028 voce
469 3965 604 4043 τυράννου
616 3989 668 4043 pro
680 3964 826 4042 μονάρχου
838 3975 958 4042 apparet
971 3970 1173 4042 depromptum
1183 3987 1244 4026 esse
1257 3971 1292 4026 de
1305 3970 1417 4026 diverso

246 4063 337 4132 fonte,
357 4060 451 4133 ιιίδρίη
471 4061 534 4129 (cfr.
554 4061 589 4117 de
608 4059 798 4133 diphthongis
816 4060 868 4114 Th.
887 4060 1006 4132 Bergkii
1025 4079 1090 4114 ann.
1104 4060 1149 4114 ad.
1168 4057 1417 4132 Γ1116611111705).

247 4153 293 4206 Ex
311 4149 575 4222 interpretamentis
594 4151 670 4222 apud
689 4149 850 4220 Diogenem
875 4149 906 4203 in
925 4149 1085 4204 carminum
1104 4150 1264 4205 orationem
1282 4150 1313 4204 111
1331 4150 1417 4220 frgm.

249 4243 282 4296 11
301 4260 327 4296 v.
348 4243 363 4294 1
383 4240 402 4294 1.
422 4258 474 4312 pro
493 4234 580 4312 λυγρά
600 4233 678 4294 δεινά
698 4245 727 4294 61
744 4257 796 4311 pro
816 4231 926 4310 ριήιιατα
945 4239 992 4296 vel
1016 4232 1140 4311 ἐρύματα
1165 4233 1246 4310 priora
1270 4237 1418 4310 irrepsisse

248 4335 472 4386 consentaneum
491 4334 542 4384 est.

354 4425 382 4497 3)
400 4425 543 4497 Philolog.
563 4427 620 4482 vol.
639 4427 673 4482 31
693 4426 780 4484 Solon
799 4426 928 4484 Jhresbr.
948 4447 975 4499 p.
996 4428 1056 4482 136.
