3302 4914
835 331 875 398 11

271 549 389 632 seruit3
414 571 556 634 quorum
583 541 1005 634 111616116Ρ6116111111111)
1032 545 1095 611 hcc
1119 545 1305 632 sapientiae
1328 545 1437 630 gradu

271 665 434 731 iudicavit
457 665 648 750 indignum.
687 665 735 729 Et
751 669 823 728 6161
845 666 1019 750 proprium
1034 663 1188 727 Platonis
1212 661 1333 727 aetatis
1358 684 1435 726 con-

270 782 388 868 fugere
422 789 481 847 aut
508 779 552 845 ad
578 780 812 865 integritatem
840 781 1054 866 populorum,
1079 779 1138 864 qui
1161 779 1202 844 ab
1226 778 1319 843 omni
1343 779 1437 844 cultu

270 898 432 983 civilique
456 897 680 962 abhorrebant
703 903 761 962 aut
784 896 827 962 ad
850 897 1104 983 simplicitatem
1128 917 1252 978 eorum,
1278 893 1337 980 qui
1358 917 1437 958 rura

270 1015 435 1080 celebant.

315 1123 318 1127 ’
377 1128 429 1194 Α6
452 1129 681 1214 fragmentum
698 1129 836 1215 quidem
852 1131 872 1194 2
888 1135 922 1194 61
937 1129 1057 1215 fragm.
1075 1131 1128 1214 26,
1146 1130 1189 1193 27
1206 1125 1242 1194 61
1257 1129 1334 1212 32,4
1348 1128 1440 1191 11161

271 1268 308 1310 66
330 1244 428 1310 valde
452 1245 642 1333 discrepare
666 1269 767 1333 supra
790 1246 1071 1312 demonstrabam.
1117 1245 1166 1310 At
1188 1244 1289 1310 huius
1313 1243 1438 1308 discre-

271 1362 407 1449 pantiae
441 1363 532 1428 idem
555 1362 713 1448 Ephorus
748 1350 863 1428 auctor
891 1385 964 1427 esse
992 1363 1113 1450 potuit.
1159 1363 1252 1426 Duas
1275 1360 1438 1425 nimirum

271 1478 311 1543 de
335 1478 452 1544 eadem
485 1502 522 1544 16
555 1479 698 1566 protulit
730 1479 950 1564 narrationes
987 1481 1082 1546 velut
1115 1477 1284 1544 Diodorus
1318 1478 1432 1563 plures

269 1596 403 1661 rettulit
442 1595 484 1659 de
522 1595 656 1682 tripode
695 1595 834 1662 fabulae.
892 1596 1047 1661 Diversis
1087 1601 1199 1660 autem
1239 1594 1320 1658 libri
1353 1592 1437 1657 locis

270 1719 407 1777 exarata
440 1718 521 1776 sunt
558 1710 763 1798 fragmenta,
804 1735 944 1797 quorum
978 1713 1137 1796 alterum,
1180 1711 1209 1774 si
1243 1733 1313 1775 non
1347 1709 1438 1773 tellit

271 1829 428 1912 alterum,
465 1835 499 1892 61
533 1828 640 1894 efficit
674 1851 971 1914 supervacaneum.
1029 1828 1081 1893 Ac
1119 1827 1208 1891 nihil
1241 1832 1305 1909 661,
1348 1823 1438 1910 quod

270 1944 408 2031 Ephoro
442 1945 528 2008 tales
564 1945 808 2010 substituamus
842 1945 999 2031 ineptiae.
1059 1945 1332 2008 Consentaneum
1356 1961 1437 2026 ergo

271 2067 332 2144 661,
367 2059 598 2146 fragmentum
629 2063 648 2124 2
677 2085 696 2126 6
730 2061 879 2126 Diodoro
915 2061 956 2126 de
992 2061 1057 2125 alio
1093 2060 1329 2146 depromptum
1364 2079 1437 2122 esse

233 2201 235 2205 ’
270 2183 415 2261 auctore,
440 2200 477 2241 66
499 2176 539 2241 fr.
565 2179 673 2262 27,28.

376 2293 591 2358 Conventum
608 2293 745 2378 quidem
760 2293 851 2381 apud
867 2295 1029 2359 Croesum
1043 2293 1208 2376 habitum,
1229 2299 1269 2357 ut
1290 2291 1436 2376 legimus

269 2409 306 2473 in
330 2405 349 2493 ξ
373 2411 430 2492 26,
455 2393 704 2474 27161116616
738 2433 818 2496 prae
854 2433 890 2476 se
918 2410 1006 2475 ferre
1029 2409 1161 2496 Ephori
1188 2408 1336 2493 vestigia
1360 2429 1437 2472 cum

268 2527 333 2590 6116
356 2525 567 2610 documenta,
603 2531 677 2590 tum
699 2525 944 2592 Anacharsidis
974 2527 1142 2614 sapientia
1165 2526 1203 2590 in
1225 2525 1279 2590 his
1302 2523 1435 2611 praedi-

268 2648 342 2706 cata
366 2641 599 2708 demonstrant
622 2641 677 2723 (cf.
702 2665 802 2729 supra
824 2667 856 2729 p.
874 2640 918 2725 5).
964 2645 1039 2708 Hac
1063 2649 1176 2708 autem
1199 2642 1237 2708 in
1259 2647 1355 2728 parte
1379 2639 1436 2704 de·
1524 2629 1528 2638 ’

268 2758 454 2823 sideramus
479 2759 569 2824 talia.
617 2757 686 2824 Sed
708 2766 824 2824 tamen
846 2760 888 2824 R.
905 2759 1058 2824 Klueber
1081 2758 1274 2844 fragmenta
1296 2757 1332 2840 53
1357 2758 1393 2839 6,
1416 2757 1435 2820 7

268 2874 444 2959 Ephorum
459 2874 626 2962 respicere
643 2875 800 2962 opinatus
818 2882 852 2940 et
872 2876 913 2941 ab
936 2876 1000 2940 hoc
1023 2882 1057 2940 et
1080 2875 1264 2940 aDiodore
1280 2872 1435 2958 Myscnis

269 2989 361 3053 illius
384 2990 531 3075 quidem,
555 2991 613 3076 qui
636 2992 674 3056 in
696 2991 750 3056 his
772 2992 913 3056 summis
936 2991 1092 3058 laudibus
1117 2991 1264 3073 effertur,
1290 2988 1434 3054 mentio-

268 3127 347 3168 nem
370 3104 493 3170 factam
517 3129 590 3172 esse
606 3107 666 3172 sed
688 3108 780 3173 hunc
803 3109 844 3174 ab
860 3115 1002 3194 utroque
1026 3108 1064 3173 in
1080 3114 1210 3194 septem
1234 3106 1434 3191 Sapientum

266 3243 408 3287 numero
441 3221 596 3288 habitum
630 3246 699 3288 non
734 3246 806 3288 esse
846 3225 991 3311 putavit.
1052 3223 1149 3301 Quod
1183 3222 1226 3287 ad
1260 3221 1435 3308 Ephorum

267 3338 400 3421 attinet,
437 3338 499 3403 hoc
524 3360 542 3403 e
565 3339 730 3424 Diogenis
765 3341 961 3406 testimonio
990 3362 1092 3427 supra
1115 3341 1216 3404 611616
1239 3336 1351 3402 lucide
1375 3359 1432 3422 ap-

266 3449 405 3540 paret2).
445 3455 475 3519 E
497 3455 640 3520 Diodori
663 3462 776 3521 autem
800 3456 1001 3542 fragmentis
1025 3455 1125 3521 modo
1149 3455 1212 3520 hoc
1237 3453 1353 3539 colligi
1375 3474 1435 3539 po-

374 3685 399 3756 1)
419 3686 493 3741 Sunt
520 3685 569 3757 qui
595 3690 699 3757 putent
726 3684 838 3756 (Zeller‚
866 3685 1053 3758 Philosophie
1080 3686 1131 3740 der
1159 3683 1310 3752 Griechen‚
1338 3701 1364 3754 p.
1390 3683 1435 3750 91)

268 3770 456 3830 Periandmm
481 3775 558 3846 apud
580 3775 771 3830 Plutarchum
796 3793 908 3846 queque
931 3776 962 3830 in
988 3774 1119 3830 convivio
1138 3780 1249 3843 septem
1267 3773 1436 3844 Sapientum

268 3859 314 3912 his
332 3861 521 3918 adnumerari.
557 3864 644 3934 Apud
662 3864 740 3918 hunc
759 3870 857 3920 autem
875 3871 1018 3935 tyrannus
1037 3865 1122 3919 modo
1142 3862 1268 3918 convivii
1285 3867 1368 3934 pater
1383 3867 1434 3929 est,

267 3966 359 4018 neque
377 3957 486 4021 septem
504 3953 687 4024 Sapientihus
705 3960 890 4025 aggregatur.
927 3953 1022 4008 Huius
1046 3953 1123 4007 enim
1145 3953 1240 4008 locum
1259 3952 1435 4006 Anacharsis

267 4037 426 4094 obtinuisse
448 4041 589 4096 videatur.
634 4043 699 4098 Hoc
717 4061 753 4096 ex
773 4043 813 4096 eis
830 4043 1014 4115 potissimum
1032 4043 1102 4096 locis
1121 4042 1304 4114 perspicitur,
1332 4041 1436 4112 quibus

266 4127 412 4200 sapientes
439 4129 571 4201 deinceps
598 4131 692 4186 facete
719 4131 796 4186 dicta
823 4133 982 4204 proferunt.
1030 4132 1088 4188 Ofr.
1109 4151 1132 4186 c.
1152 4133 1168 4185 7
1188 4151 1214 4203 p.
1236 4131 1286 4185 151
1305 4130 1338 4200 E,
1358 4149 1380 4184 6.
1401 4131 1434 4184 11

266 4237 293 4290 p.
315 4218 559 4273 1641-1616.
581 4221 613 4274 12
631 4239 657 4291 p.
680 4223 730 4274 155
748 4221 783 4278 A.
802 4223 835 4275 B.
855 4239 896 4293 sq,

374 4325 402 4394 2)
422 4325 502 4380 Η666
521 4331 617 4381 autem
636 4334 705 4382 sunt
724 4328 811 4382 huius
830 4329 918 4383 verba
932 4327 967 4400 (1,
980 4327 1042 4398 41):
1062 4322 1179 4380 Πλάτων
1192 4327 1248 4381 δ’ἐν
1262 4321 1435 4398 Πρωταγόρᾳ

268 4407 394 4466 Μύσωνα
415 4407 475 4466 ἇντὶ
496 4409 683 4486 Περιάνδρου·
700 4407 838 4488 ’Ἑφρορος
857 4417 888 4470 dt
909 4411 968 4470 ἀντὶ
988 4411 1129 4476 Μύσωνος
1143 4411 1314 4489 Ἀνάχαρσιν,
1345 4418 1435 4472 111116·

267 4501 351 4558 barus
375 4524 440 4561 cum
463 4505 579 4560 infirma
602 4523 663 4560 esse
680 4507 872 4578 perspexisset
890 4525 943 4561 6116
962 4512 1142 4578 argumenta,
1161 4507 1321 4578 Diogenem
1340 4524 1435 4562 errore
