3302 4914
646 1340 788 1417 Pars
815 1341 1001 1440 prima.

451 1523 515 1604 De
543 1519 727 1603 Blodcri
755 1517 894 1602 Siculi
920 1517 1037 1600 libro
1066 1537 1192 1598 nono.

346 1736 488 1802 Diodori
509 1735 615 1802 Siculi
637 1735 724 1800 liber
746 1756 856 1800 nonus
880 1739 958 1819 apte
980 1732 1018 1798 in
1042 1731 1124 1798 duas
1148 1737 1261 1819 partes
1282 1731 1408 1804 dividi·

240 1861 311 1938 tur,
340 1873 479 1938 quarum
507 1852 612 1916 altera
640 1848 673 1935 (ἓ
699 1847 966 1928 1—14v0115)
996 1848 1039 1914 ed
1062 1855 1193 1935 septem
1216 1848 1409 1936 sapientum

242 1968 371 2034 fabulas
395 1969 482 2032 solas
506 1974 645 2053 spectat,
670 1967 707 2031 in
730 1967 836 2032 altera
859 1962 915 2049 (de
936 1966 1014 2043 §23
1035 1964 1201 2050 usquead
1218 1972 1301 2031 extr.
1318 1964 1408 2046 libr.)

237 2108 294 2152 res
318 2085 407 2150 iusto
430 2090 622 2168 temporum
649 2081 767 2147 ordine
796 2086 929 2146 servato
957 2087 1148 2147 narrantur.
1195 2082 1268 2146 Has
1295 2087 1409 2147 autem

242 2200 325 2265 duas
348 2197 430 2262 libri
448 2203 563 2283 partes
584 2197 738 2283 quamvis
755 2197 906 2262 diversas
931 2195 973 2260 de
988 2195 1125 2282 Ephoro
1143 2197 1213 2262 solo
1230 2196 1407 2284 depromp-

242 2320 296 2378 tas
320 2335 392 2378 esse
414 2313 457 2405 R.
481 2307 664 2392 Klueberl)
690 2313 848 2398 coniecit,
879 2334 979 2398 quarn
1007 2312 1203 2398 opinionem
1226 2313 1302 2378 aliis
1324 2312 1409 2379 viris

243 2427 351 2493 doctis
385 2427 551 2514 probavit.
610 2429 709 2495 Hane
743 2429 848 2498 illius,
869 2428 1165 2494 ratiocinationem
1198 2427 1309 2494 facero
1341 2450 1411 2494 non

241 2567 388 2631 possum,
418 2545 501 2630 quin
528 2567 663 2630 prorsus
685 2566 819 2630 negem.
872 2544 960 2609 Nam
989 2550 1024 2608 et
1051 2550 1250 2629 quaerente
1274 2566 1410 2631 perspe-

242 2665 348 2744 xerat,
371 2682 441 2725 non
465 2661 546 2724 satis
563 2660 664 2725 certis
680 2659 889 2745 argumentis
913 2659 1081 2726 stabilivit
1105 2666 1139 2725 et
1161 2661 1329 2746 permulta
1350 2683 1410 2726 no·

242 2776 359 2861 glexit,
384 2798 468 2861 quae
492 2775 535 2841 ad
558 2783 730 2841 auctorem
752 2775 894 2841 Diodori
916 2776 1150 2862 indagandum
1172 2777 1355 2862 pertinent.
1368 2812 1410 2822 -

243 2892 295 2955 De
318 2891 463 2976 singulis
488 2891 559 2956 eius
584 2891 783 2958 commentis
810 2891 1008 2978 priusquam
1032 2891 1216 2978 disputem,
1245 2914 1411 2958 summam

245 2993 417 3091 bastigabo
452 3007 524 3072 eius
556 3007 863 3074 ratiocinationum.
920 3007 972 3073 Ac
1005 3007 1101 3093 quasi
1128 3007 1262 3091 πρῶτον
1290 3004 1412 3090 ψεῦδος

245 3120 421 3208 Ephorum
444 3145 464 3186 a
487 3121 606 3206 quinto
629 3123 715 3189 libro
740 3123 847 3188 solum
871 3123 1053 3189 aDiodoro
1078 3123 1315 3210 depromptum
1338 3146 1411 3190 esse

244 3259 277 3303 v.
302 3237 333 3301 d.
363 3259 566 3322 quamquam
595 3234 725 3324 dixit2),
760 3238 901 3303 minime
926 3239 1182 3304 demonstravit.
1228 3240 1348 3324 Neque
1382 3240 1413 3305 si

244 3351 392 3437 fecisset,
418 3353 602 3438 quidquam
624 3353 667 3418 ad
689 3376 762 3418 rem
784 3333 948 3420 valuisset
964 3361 1212 3440 argumentum.
1244 3354 1412 3420 Diodorus

246 3469 337 3534 enim
360 3470 397 3534 in
421 3468 552 3534 decimo
576 3467 662 3534 libro
687 3469 728 3533 de
748 3469 848 3534 rebus
864 3469 1091 3556 Pythagoreis
1107 3470 1283 3557 Ephorum
1299 3471 1329 3535 si
1344 3493 1413 3536 non

246 3585 411 3671 neglexit,
448 3591 483 3651 at
518 3591 608 3650 certe
644 3606 714 3650 non
749 3585 855 3650 solum
884 3608 1015 3672 semper
1042 3586 1175 3651 accivit.
1226 3587 1302 3652 Hoc
1330 3587 1413 3652 satis

247 3697 366 3786 lucide,
391 3701 521 3787 opinor,
547 3724 565 3766 e
590 3700 806 3786 Callimacho,
831 3723 930 3786 quom
946 3697 1147 3786 Diodorus³)
1164 3702 1288 3787 attulit,
1311 3725 1412 3789 appa-

247 3818 308 3878 ret.
354 3816 604 3902 Argumentum
631 3839 712 3882 vero
741 3839 759 3881 e
787 3816 941 3902 silenti0,
977 3817 1067 3903 quod
1093 3817 1161 3884 viri
1189 3817 1281 3883 docti
1309 3840 1353 3882 ne
1376 3818 1413 3882 in

247 3928 323 3992 aliis
341 3930 476 4014 quidem
493 3933 747 4018 quaestionibus
763 3934 908 3998 multum
920 3934 1033 4000 valere
1046 3934 1261 4012 arbitrantur,
1277 3955 1413 4019 prorsus

247 4439 362 4515 Lipsiae
382 4445 459 4517 1867,
478 4445 508 4502 Χ
525 4447 550 4518 6,
569 4447 595 4502 4.

1205 4559 1220 4613 1
