3302 4914
839 272 881 336 27

750 362 962 371 --—-—.-.-—-....

272 490 440 555 Homerus
469 488 511 552 ad
538 510 610 552 rem
638 487 874 552 illustrandam
898 493 1056 573 quattuor
1080 490 1135 554 vel
1159 488 1261 554 etiam
1284 489 1381 575 plura
1404 488 1441 553 in

274 604 496 690 comparando
531 603 674 690 profert,
709 603 908 688 gradatione
943 604 1087 690 quadarn
1115 627 1313 692 progressus
1340 612 1440 691 poeta
1474 649 1476 654 -

274 744 407 786 omnem
429 743 501 786 rem
525 720 773 806 comparatione
798 743 874 784 cum
890 721 1004 786 ventis
1026 721 1178 787 adhibita
1194 721 1439 806 complectitur.

272 837 436 902 Attamen
471 835 546 922 quis
581 837 618 900 in
651 842 722 902 tarn
757 844 914 924 corrupto
949 838 1135 924 scripturae
1170 837 1315 902 traditae
1351 843 1443 902 statu

272 953 403 1040 aliquid
431 953 556 1017 certius
585 926 771 1018 diiudicare
795 954 927 1018 audeat.
973 955 1021 1018 Et
1043 953 1172 1040 pendet
1195 961 1267 1019 tota
1290 954 1441 1039 quaestio

273 1069 382 1134 efide
410 1069 598 1153 Plutarchi,
636 1093 735 1154 quam
770 1091 907 1156 prorsus
941 1071 1070 1135 nullam
1098 1071 1136 1134 in
1163 1070 1217 1134 1110
1244 1071 1344 1135 rebus
1369 1092 1442 1134 esse

272 1186 341 1250 viri
365 1180 489 1268 doeti¹)
513 1192 699 1250 autumant.
731 1187 806 1251 Hoc
830 1185 1016 1250 tenendum
1041 1193 1101 1270 est,
1126 1209 1168 1250 cx
1187 1186 1250 1251 hoo
1265 1187 1338 1252 loco
1353 1186 1444 1252 nihil

274 1301 388 1386 colligi
422 1323 519 1388 posse
554 1301 596 1370 ad
631 1302 732 1366 huius
767 1302 1004 1367 auctoritatem
1031 1325 1142 1388 neque
1175 1303 1441 1368 confirmandam

273 1439 382 1503 neque
406 1418 684 1483 imminuendam.

313 1593 317 1604 .
381 1535 448 1600 Sed
472 1535 579 1598 multo
604 1535 727 1597 certius
752 1533 793 1597 de
818 1533 1009 1620 fragmento
1035 1537 1073 1599 11
1099 1534 1231 1600 Solonis
1256 1534 1443 1600 diiudicare

272 1672 460 1737 possumus.
508 1650 635 1714 Versus
663 1657 775 1716 autem
803 1651 893 1737 apud
920 1657 1102 1736 utrumque
1130 1648 1186 1734 (cf.
1211 1651 1310 1736 Diog.
1335 1651 1361 1734 Ι,
1387 1650 1441 1729 52)

274 1766 322 1828 010
345 1760 550 1848 leguntur&

317 1979 320 1988 ,
381 1909 421 1978 Εἰ
445 1912 480 1977 δὲ
503 1910 702 1980 πεπόνθατε
724 1912 824 2003 λυγροὶ
848 1913 882 1980 di
907 1910 1060 2004 ὑμετέραν
1082 1912 1248 2006 κακότητα

381 2025 442 2118 Μή
466 2034 595 2095 θεοῖσιν
617 2027 737 2121 ταύτην
759 2035 878 2119 μοῖραν
901 2031 1116 2120 ἐπαμφέρετε.

379 2138 489 2209 Αὐτοὶ
514 2141 574 2232 γὰρ
598 2143 732 2224 τούτους
755 2142 915 2236 ηὐξήσατε
938 2144 1065 2236 priuata
1089 2145 1198 2226 δόντες

378 2259 446 2325 Καὶ
470 2258 526 2325 11101
550 2267 646 2328 τοῦτο
670 2260 772 2352 κακὴν
794 2260 899 2346 ἴσχετε
923 2261 1127 2354 δουλοσύνην.

375 2369 484 2460 Ὺμιῦν
507 2369 585 2456 δἐἷς
607 2378 667 2462 μὲν
690 2378 826 2458 ἕκαστος
850 2373 1023 2459 ἀλώπεκος
1046 2378 1146 2463 ἴχνεσι
1170 2380 1276 2466 βαίνει

378 2497 554 2576 Σηαπᾶσιν
577 2490 685 2577 δ’ὑμῖν
707 2500 832 2586 κοῦφος
856 2492 958 2562 ἔνεστι
983 2493 1057 2576 νόος
1293 2570 1297 2576 ,

378 2607 435 2688 Εἰς
458 2607 517 2698 γὰρ
543 2612 691 2696 γλῶσσαν
715 2607 810 2700 ὁρᾶτε
833 2612 890 2678 καὶ
914 2611 961 2691 εἰς
984 2610 1067 2692 ἔπος
1090 2611 1203 2680 αἰόλον
1227 2610 1342 2704 ἀνδρὸς

378 2723 435 2803 Εἷς
460 2722 551 2814 ἔργον
575 2721 667 2793 οὐδὲν
690 2724 857 2814 γινόμενον
879 2728 1029 2814 βλέπετε.

377 2882 528 2968 Uterque
557 2907 577 2947 a
600 2885 722 2950 Solone
751 2885 812 2951 hos
840 2909 958 2951 versus
986 2887 1166 2952 Pisistrato
1196 2889 1264 2954 iarn
1294 2896 1440 2975 tyranno

272 2995 424 3062 conditos
460 3021 533 3064 esse
567 2997 754 3085 tradidit.³)
805 3004 856 3068 Ac
890 3009 1048 3089 quattuor
1075 3004 1203 3090 priores
1231 3029 1349 3070 versus
1377 3005 1440 3072 hoc

270 3111 384 3175 verbis
408 3105 615 3192 πεπόνθατε,
641 3107 809 3203 ηὐξήσατε,
834 3110 939 3197 ἴσχετε
962 3120 1048 3185 bene
1065 3121 1276 3187 confirmant.
1313 3124 1440 3188 Versus

378 3379 405 3446 1)
425 3380 476 3434 011.
495 3381 622 3436 Leutsch
641 3384 659 3437 l.
678 3384 696 3436 1.
715 3402 742 3455 p.
764 3385 822 3438 139.
844 3416 874 3423 -
905 3387 1061 3455 „Plutarch
1089 3387 1172 3440 fuhrt
1200 3387 1245 3443 die
1273 3387 1381 3444 Stellen
1408 3407 1440 3443 00

270 3468 436 3539 nachlttssig
455 3470 514 3523 und
533 3474 734 3527 versttimmelt
752 3492 797 3543 an,
817 3475 884 3528 dass
897 3475 975 3529 00100
988 3476 1090 3530 Lesart
1103 3477 1184 3530 nicht
1203 3478 1308 3532 einmal
1328 3477 1376 3531 1111
1396 3479 1441 3533 die

270 3559 327 3612 alte
345 3559 509 3628 angesehen
528 3561 643 3616 werden
663 3562 753 3616 darf.“
791 3563 827 3616 cf.
846 3564 929 3618 Blass
948 3565 1071 3620 Hermes
1090 3567 1146 3621 XV
1164 3585 1190 3637 p.
1210 3567 1271 3621 369.

376 3685 404 3755 2)
423 3687 586 3741 Nonnullae
596 3687 732 3742 lectiones
746 3689 821 3759 apud
835 3670 989 3760 utrumque
999 3691 1182 3746 librariorum
1193 3694 1278 3763 culpa
1288 3699 1440 3765 corruptae

270 3778 345 3829 sunt.
382 3776 469 3830 Velut
487 3794 514 3830 11.
535 3777 550 3830 1
572 3769 706 3847 ὑμετέραν
724 3778 801 3849 apud
812 3778 970 3832 Diodorum
989 3799 1041 3851 pro
1061 3775 1192 3852 ὑμετέρην
1204 3800 1231 3836 v.
1245 3784 1270 3835 2.
1289 3774 1328 3853 μὴ
1349 3788 1440 3835 θεοῖσι

271 3853 368 3926 Πίῦϊον
386 3881 437 3934 pro
456 3858 494 3936 ,uri
514 3885 538 3916 τι
552 3871 629 3924 θεοῖς
647 3859 749 3919 τοῦτων
768 3873 797 3922 et
815 3870 873 3922 v.4
891 3870 966 3942 apud
979 3871 1063 3942 Diog.
1077 3873 1148 3939 ἔχετε
1168 3889 1221 3943 pro
1240 3873 1331 3940 ἔσχετε
1351 3877 1439 3927 extat.

377 3987 666 4054 01110110εο11
693 3992 799 4048 iudicio
828 3994 943 4062 (Gesch.
972 3996 1023 4050 der
1046 4015 1088 4067 gr.
1113 3995 1204 4066 Lyrik
1228 3997 1266 4067 H,
1290 3997 1440 4069 Tiibingen

271 4075 341 4129 1884
359 4077 452 4146 11374
470 4097 535 4134 ann.
554 4079 583 4149 2)
602 4081 768 4153 fragmenta
780 4084 868 4137 9-12
881 4102 916 4139 ex
929 4103 987 4138 una
1000 4085 1093 4156 elegia
1105 4091 1222 4156 sumpta
1234 4092 1311 4140 sunt.
1340 4088 1439 4157 Neque

269 4169 368 4220 tamen
386 4165 416 4219 in
436 4168 571 4238 carminis
583 4171 756 4242 fragmentis
770 4173 945 4243 exponendis
958 4193 985 4228 v.
996 4172 1022 4227 d.
1037 4173 1092 4228 sibi
1111 4175 1249 4230 constitit.
1270 4176 1317 4241 (01.
1328 4195 1355 4247 p.
1366 4177 1438 4243 375).

268 4255 312 4309 Ac
330 4253 491 4327 neglexisse
515 4257 661 4328 videatur,
690 4279 748 4315 non
775 4263 861 4316 modo
889 4264 1045 4318 secundum
1074 4263 1234 4334 Diogenem
1263 4262 1439 4334 (1,5a),sed

269 4345 398 4400 omnium
427 4364 567 4402 consensu
595 4348 725 4415 (Diodori
744 4357 773 4406 et
791 4351 954 4420 Plutarchi)
982 4369 1083 4407 versus
1108 4354 1177 4406 1-4
1199 4353 1353 4408 Pisistrato
1382 4353 1439 4408 iam

269 4439 394 4502 tyranno
413 4435 507 4491 100100
526 4455 595 4492 esse.
