3302 4914
789 265 830 335 31

700 359 912 368 ——---.-—-—-

222 497 321 575 esset,
346 481 602 574 ibo-mutatum
626 485 738 552 estin
762 477 853 558 ἔπος.
887 483 954 551 Sed
978 484 1210 568 concedamus,
1229 493 1273 548 ut
1295 480 1391 567 μῆνιν

222 630 283 694 pro
306 605 431 689 μοῖραν,
456 605 540 670 item
564 595 646 676 ἔπος
670 593 784 662 αἰόλον
806 622 867 686 pro
891 592 956 685 ἔπη
981 593 1121 680 αἱμύλου
1144 599 1229 665 falso
1253 623 1272 664 a
1295 601 1390 664 Plut-

223 723 321 788 archo
356 722 505 808 positum
541 741 624 784 esse.
676 719 740 782 His
771 740 790 782 e
818 717 1017 803 corruptelis
1046 716 1209 803 quidnam
1233 716 1393 802 apparet?

222 839 317 905 Nihil
345 839 437 902 enim
465 837 590 919 obstat,
627 835 806 922 quominus
834 833 917 898 talia
945 833 1054 898 codici
1082 832 1231 896 carmina
1259 831 1392 898 Solonis

222 955 412 1020 continenti
428 950 631 1035 addicamus,
652 951 721 1015 nisi
741 949 828 1015 forte
846 972 921 1014 cum
937 950 980 1014 R.
996 943 1184 1031 Printzi01)
1200 955 1271 1012 tam
1287 948 1394 1012 multa

222 1093 241 1135 a
264 1069 447 1134 Plutarcho
460 1067 664 1132 ¹memoriter
687 1067 790 1131 allata
813 1087 886 1130 esse
909 1071 1017 1150 putes

330 1185 448 1269 Neque
471 1206 551 1248 vero
574 1183 610 1248 id
634 1182 678 1247 ad
700 1181 876 1247 Plutarchi
899 1180 1012 1246 fontes
1030 1178 1281 1265 cognoscendos
1297 1202 1392 1264 mag·

222 1323 306 1365 num
340 1299 441 1365 habet
475 1306 699 1382 momentum,
735 1299 822 1363 064
848 1297 1019 1381 versibus,
1056 1318 1138 1381 quos
1174 1295 1232 1360 ille
1267 1295 1392 1378 attulit,

225 1415 340 1480 decem
368 1415 503 1480 eosdem
532 1421 646 1480 extare
679 1413 769 1501 apud
796 1412 1000 1497 Diogenem,
1038 1412 1097 1497 qui
1131 1410 1231 1476 modo
1265 1411 1394 1496 viginti

224 1532 355 1596 Solonis
383 1553 501 1595 versus
529 1529 692 1596 laudavit.
738 1529 923 1594 Nimirum¹
938 1529 1030 1592 enim
1058 1527 1148 1614 apud
1171 1533 1287 1612 poetas
1310 1527 1394 1612 lyri-

223 1669 279 1712 cos
323 1646 475 1711 omnium
515 1644 586 1709 fere
625 1652 774 1720 aetatum
814 1667 883 1710 non
922 1645 971 1710 ita
1004 1645 1150 1709 multum
1188 1643 1393 1726 invenimus,

224 1762 314 1846 quod
338 1761 380 1824 ad
404 1783 519 1827 eorum
541 1762 648 1830 vitam
671 1783 848 1846 moresque
872 1761 1071 1847 exponenda
1093 1759 1274 1846 pertineat.
1307 1760 1394 1850 Con-

224 1877 313 1942 feras
336 1876 441 1941 velim
466 1878 670 1962 quantillum
687 1877 853 1942 eiusmodi
869 1876 959 1963 apud
975 1877 1188 1960 Schillerum,
1205 1882 1245 1940 ut
1259 1882 1393 1942 veteres

225 1992 389 2076 omittam,
415 2001 517 2058 extet.
1297 1972 1299 1978 ‚

330 2109 403 2173 lam
431 2131 511 2174 vero
540 2111 581 2174 G.
610 2103 795 2188 Niebuhr2)
826 2109 959 2174 Solonis
989 2109 1137 2173 carmina
1164 2131 1184 2173 a
1211 2108 1394 2174 Plutarcho

225 2247 243 2288 e
266 2225 432 2309 florilegio
456 2222 571 2290 nescio
592 2247 657 2310 quo
678 2225 798 2289 hausta
819 2247 902 2308 esse,
927 2225 1156 2310 colligendum
1173 2247 1245 2289 esse
1262 2225 1394 2289 censuit

226 2362 267 2403 ex
290 2341 344 2405 his
367 2341 535 2406 versibus:
840 2323 843 2326 ⁵

480 2463 488 2487 3
521 2467 528 2486 t
599 2474 614 2487 n
659 2469 663 2480 ¹
702 2457 715 2486 Ἰ
833 2463 841 2487 3
897 2467 905 2488 t
996 2475 1010 2488 n
1170 2474 1183 2488 υ

436 2479 549 2548 Αοοος
572 2475 673 2559 κηροξ
694 2471 800 2560 nidor
824 2495 872 2559 αφ
897 2495 1028 2560 ιμεροης
1051 2471 1237 2554 Σαλαμινος

437 2583 572 2669 Κόσμον
595 2585 703 2651 ἐπέων
727 2580 813 2675 sidric
836 2579 903 2650 ἀντ’
930 2580 1049 2676 ἀγορῆς
1072 2586 1219 2670 θέμενος.

223 2724 405 2789 Plutarcho
429 2731 557 2807 autem,
583 2747 647 2810 quo
672 2732 808 2790 auctore
832 2725 869 2789 hi
892 2748 1009 2790 versus
1034 2725 1192 2790 carminis
1218 2725 1393 2790 exordium

225 2847 329 2924 erant,
353 2839 457 2903 fidem
480 2840 670 2906 habendam
687 2864 760 2906 esse
777 2841 830 2906 vir
847 2864 997 2906 summus
1014 2841 1165 2927 negavit.
1198 2843 1244 2906 Et
1265 2842 1395 2906 assensi

226 2961 304 3016 sunt
328 2954 359 3016 ei
382 2956 488 3019 Ernst
512 2955 553 3020 de
571 2956 727 3044 ¹Leutsch
751 2956 785 3040 (l.
803 2955 850 3042 l),
876 2959 920 3022 H.
944 2953 1187 3044 Begemannb,
1212 2959 1280 3023 alii.
1312 2959 1394 3022 Ete-

224 3068 297 3132 nim
319 3069 381 3133 hos
405 3092 521 3134 omnes
545 3071 637 3136 viros
662 3073 777 3138 doctos
803 3073 956 3156 offendit,
981 3073 1071 3158 quod
1088 3074 1191 3139 Solon
1214 3081 1252 3138 ut
1275 3096 1395 3160 praeco

224 3207 265 3248 ex
289 3184 407 3249 hostili
430 3186 601 3272 profectus
626 3194 677 3252 est
700 3189 819 3254 insula.
853 3190 956 3254 Solon
980 3195 1093 3254 autem
1117 3213 1192 3254 cum
1213 3184 1395 3269 omnium4)

222 3373 436 3380 --.-.---.

331 3513 357 3583 1)
379 3514 413 3568 R.
425 3513 521 3584 Prinz,
540 3516 584 3570 De
595 3515 707 3570 Solonis
717 3517 884 3572 Plutarchei
894 3517 1032 3587 fontibuS,
1044 3518 1110 3572 diss
1122 3519 1213 3572 Bonn.
1227 3519 1303 3588 1867,
1314 3536 1340 3588 p.
1353 3518 1393 3571 18.

329 3605 358 3670 2)
377 3604 410 3658 B.
431 3604 465 3659 G.
494 3604 632 3674 Niebuhr,
660 3607 803 3677 Vortrage
832 3608 902 3661 iiber
930 3608 987 3662 alte
1016 3608 1197 3677 Gesohichte,
1225 3608 1281 3662 vol.
1309 3609 1325 3662 Ι
1351 3607 1393 3661 ed.

224 3687 263 3742 M.
282 3691 418 3763 Niebuhr,
438 3693 536 3781 Berlin
556 3695 634 3764 1847,
653 3714 680 3765 p.
700 3696 752 3750 347
772 3714 812 3766 sq.

330 3797 357 3868 3)
377 3801 566 3866 Quaestiones
579 3802 718 3857 Soloneae
731 3821 805 3874 spec.
815 3803 854 3872 H,
874 3793 1393 3877 Gymnasialprogramm‘Aliensteim

223 3884 409 3959 Kdnigsberg
429 3891 506 3960 1878,
525 3911 551 3962 p.
570 3893 587 3945 5
606 3908 647 3962 sq.

330 3991 358 4063 4)
377 3994 459 4060 Quod
477 3999 688 4054 Demosthenes
712 3997 776 4070 aspi
795 4007 1020 4070 παραπρεσβείας
1039 4019 1065 4071 p.
1085 4001 1137 4054 201
1161 3999 1235 4053 nihil
1258 4000 1292 4054 de
1320 4000 1395 4055 insa·

222 4081 288 4136 niae
307 4081 491 4139 simulatione
509 4087 634 4158 exhibet,
653 4095 686 4142 ut
700 4089 776 4159 apud
795 4095 939 4143 oratorem
952 4089 1060 4143 nullius
1073 4089 1213 4143 momenti
1232 4095 1283 4143 est.
1312 4090 1395 4156 Quod

222 4171 353 4225 Iustinus
372 4172 411 4236 ΙΙ,
431 4174 455 4242 7,
476 4176 508 4228 11
528 4176 562 4230 de
581 4177 694 4232 Solonis
714 4178 857 4232 dementia
876 4179 964 4232 dixit:
991 4178 1126 4248 factoque
1145 4196 1285 4232 concursu
1303 4179 1394 4232 horni-

221 4279 304 4332 num,
334 4280 391 4332 quo
417 4263 510 4333 magis
529 4266 680 4321 consilium
706 4267 875 4335 dissimulet,
903 4267 1027 4322 insolitis
1048 4267 1088 4321 ibi
1112 4265 1322 4335 (Refferscheid
1340 4267 1418 4321 sibi·

223 4349 277 4415 ed.)
305 4351 436 4406 versibus
464 4353 584 4408 suadere
611 4357 717 4427 populo
750 4358 843 4428 coepit
871 4363 938 4426 etc,
971 4357 1026 4411 hoo
1053 4362 1154 4412 auctor
1180 4356 1299 4426 Iustini,
1328 4375 1393 4411 cum

223 4440 326 4494 aetatis
344 4458 414 4495 suae
432 4459 517 4496 usum
535 4443 698 4516 respiceret,
718 4446 752 4501 de
771 4464 823 4501 suo
843 4446 962 4501 addidit.
990 4446 1090 4518 Neque
1109 4445 1186 4501 enim
1198 4451 1278 4518 pute,
1297 4463 1313 4500 e
1331 4463 1393 4501 ver·
