3302 4914
699 262 911 366 „n-

221 479 421 546 Plutarchus
445 487 559 546 autem
574 501 635 566 pro
652 470 734 554 ἔντος
750 473 863 544 αἰόλον
879 473 996 566 ἀνδρός
1014 482 1151 548 exhibet
1167 475 1232 569 ἔντη
1250 477 1388 565 αἱμύλοι·

223 586 348 680 ἀνδρὸς.
396 598 494 662 Hanc
519 619 650 682 quoque
673 599 856 664 lectionem
880 600 1065 687 speciosam
1090 623 1163 664 esse
1187 601 1250 666 Th.
1274 603 1390 689 Bergk

223 714 340 778 sensit.
381 715 450 778 Our
471 735 541 777 non
563 715 712 801 recepit?
750 715 807 780 An
830 715 943 780 hiatus
967 717 1265 803 grammaticorum
1285 719 1390 784 offen-

224 829 275 894 dit
298 830 416 894 nares?
458 829 600 904 Hiatum
624 837 737 894 autern
760 831 797 894 in
822 831 941 914 quinta
964 833 1032 897 arsi
1055 857 1074 898 a
1097 835 1207 921 poetis
1231 835 1390 920 elegiacis

222 945 407 1011 admissum
432 940 693 1023 essenhrens1)
719 944 816 1009 docte
840 947 987 1031 collegit.
1019 949 1061 1012 In
1085 957 1181 1016 sexta
1204 974 1280 1015 eum
1301 951 1390 1038 apud

222 1061 445 1146 Phocylidem
480 1066 594 1124 extare
628 1060 729 1125 video
765 1059 877 1146 (frgm.
915 1062 955 1124 15
990 1063 1106 1146 Bergk
1141 1067 1163 1132 l.
1197 1063 1234 1150 1.)
1274 1055 1391 1128 ἄλλοτε

223 1167 363 1253 ἄλλονῆ
394 1177 512 1260 Neque
536 1175 673 1240 omnino
696 1198 756 1262 pro
780 1176 958 1262 perpaucis
981 1175 1183 1263 fragmentis
1204 1183 1391 1250 diiudicare

222 1315 413 1380 possumus,
447 1291 530 1377 quid
556 1292 668 1378 poetis
697 1293 857 1378 elegiacis
880 1293 918 1356 in
940 1291 1004 1358 hoc
1026 1315 1151 1378 genere
1173 1297 1309 1365 licuerit
1332 1307 1391 1366 aut

222 1410 400 1496 probatum
429 1407 484 1474 sit.
532 1410 564 1469 Γ
561 1405 672 1468 litora
696 1415 730 1473 et
754 1401 819 1493 ἔντη
843 1430 955 1494 porro,
981 1408 1062 1493 quid
1086 1409 1295 1496 significent,
1332 1418 1388 1480 vel
1462 1475 1466 1484 .

224 1525 348 1591 omisso
385 1515 539 1599 ,,αἰόλον“
575 1525 792 1611 perspicuum
827 1531 888 1589 est.
949 1525 1057 1588 Immo
1092 1525 1267 1610 epitheton
1299 1527 1390 1592 iners

224 1648 324 1726 atque
352 1641 497 1706 otiosum
526 1648 586 1706 est.
634 1641 774 1725 Saepius
798 1640 884 1705 illud
908 1637 1038 1721 γλῶοοο
1062 1663 1082 1704 a
1106 1641 1304 1726 Theognide
1327 1643 1390 1708 hoc

223 1757 322 1822 modo
350 1757 499 1844 positum
527 1756 683 1820 videmus
712 1754 768 1839 (cf.
793 1779 825 1822 v.
850 1758 893 1821 96
917 1781 949 1822 v.
975 1758 1040 1822 760
1063 1781 1095 1822 v.
1123 1757 1229 1836 1185).
1276 1757 1391 1843 Atque

223 1873 314 1960 apud
337 1873 427 1938 hunc
450 1878 583 1958 poetam
609 1868 740 1952 γλῶσσα
764 1878 798 1936 et
822 1863 887 1956 ἔντη
911 1873 1039 1959 pariter
1063 1875 1243 1938 coniuncta
1267 1881 1361 1938 sunt:

267 2009 321 2074 86.
347 1999 407 2093 Μὴ
432 1999 546 2068 ἔπεσιν
569 2002 688 2091 cuspes,
713 1998 787 2067 νόον
811 1999 891 2084 rl'iigc
914 2001 970 2068 aui
995 2002 1114 2092 φρένας
1138 1996 1240 2081 ἄλλος
1263 2029 1292 2068 κ.
1315 2029 1342 2069 τ.
1360 2005 1388 2069 λ.

268 2125 321 2188 91.
339 2109 400 2196 Ὃς
424 2117 459 2183 δὲ
478 2123 539 2208 μιῇ
560 2121 698 2209 γλωσοῇ.

223 2257 364 2322 Etenim
386 2257 527 2343 pluralis
553 2249 659 2343 ,‚i'7rp“
685 2258 714 2322 si
737 2280 807 2322 non
831 2257 1050 2341 desideratur,
1075 2264 1110 2322 at
1134 2264 1224 2322 certe
1248 2257 1292 2323 ad
1307 2258 1392 2323 illud
1452 2249 1455 2254 ⁵

225 2370 397 2454 „yriciooffl
412 2373 537 2458 optime
549 2396 584 2436 se
592 2373 831 2438 accommodat.
849 2363 982 2455 Ἀνδρος
995 2373 1142 2457 denique
1155 2375 1228 2437 sine
1241 2375 1393 2460 epitheto

225 2489 267 2554 de
290 2483 501 2569 Pisistrato³)
525 2489 680 2574 intellegi
695 2491 789 2553 nullo
805 2489 903 2554 modo
920 2495 1041 2576 potest.
1070 2490 1248 2553 Praeterea
1269 2482 1391 2566 αἰόλον,

189 2595 192 2598 ’
226 2629 302 2672 cum
317 2605 518 2670 vocabulum
534 2605 750 2670 notissimum
767 2606 821 2688 sit,
846 2605 936 2692 apud
951 2606 1141 2690 Diogenem
1158 2610 1192 2668 et
1207 2605 1394 2671 Diodorum
1418 2694 1421 2704 Ι

226 2723 343 2788 eodem
371 2721 485 2806 modO,
521 2745 585 2806 quo
610 2714 699 2782 δεινὰ
723 2721 846 2806 κοῦφος
870 2711 978 2804 ἄιδρις
1002 2713 1076 2797 ἐών,
1102 2722 1181 2806 alia,
1217 2723 1413 2809 irrepsisse-

225 2839 513 2905 verisimillimum
537 2845 596 2902 est.
632 2839 718 2903 Oum
742 2846 855 2904 autem
876 2862 917 2902 ex
938 2829 1052 2898 αἰόλον
1069 2829 1183 2898 αἰόλον
1199 2845 1393 2925 corruptum

286 3212 292 3226 ι
334 3150 360 3219 1)
379 3150 423 3204 De
441 3149 524 3203 hiatu
543 3148 619 3220 apud
638 3149 709 3220 eleg.
728 3154 813 3220 poet,
832 3148 975 3219 Philolog.
995 3149 1049 3218 III,
1069 3168 1095 3220 p.
1115 3151 1175 3204 227.

331 3260 360 3324 2)
379 3258 486 3312 Hiatus
509 3257 540 3311 in
562 3256 659 3311 verbis
689 3246 782 3308 ἄλλοτε
811 3246 890 3313 ἄλλος
918 3257 1111 3326 compluribus
1140 3257 1278 3328 exemplis
1299 3263 1396 3328 potest

226 3347 414 3418 comprobari.
461 3347 504 3401 Of.
524 3346 643 3416 Bergkii
667 3353 764 3400 annot.
790 3345 826 3399 ad
845 3346 939 3400 Solon.
960 3346 1044 3416 t'rgm.
1066 3347 1099 3402 13
1119 3354 1147 3400 et
1167 3346 1269 3417 Odyss
1290 3346 1315 3398 o.
1334 3341 1395 3414 236,

227 3439 278 3492 sed
297 3457 317 3488 ω
336 3437 402 3490 415:
423 3427 540 3488 ἄλλοί-λεν
560 3426 639 3492 ἄλλος
658 3439 746 3490 extat.
775 3436 819 3488 Ex
833 3435 887 3489 hoc
906 3437 1036 3506 exemplo
1050 3443 1169 3506 apparet
1182 3455 1241 3490 non
1253 3435 1396 3490 formulae

228 3546 321 3596 causa,
342 3533 374 3580 ut
388 3527 502 3580 Ahrens
521 3525 631 3579 statuit.
645 3527 663 3582 l.
674 3525 701 3592 1.,
720 3525 834 3579 hiatum
844 3526 1002 3579 admissum
1012 3543 1082 3579 esse.
1112 3527 1163 3579 cfr.
1174 3526 1262 3579 etiam
1271 3525 1304 3579 ΙΙ.
1317 3531 1343 3576 Β
1353 3525 1395 3582 75.

334 3635 363 3701 3)
382 3627 507 3704 Αἴμύλος
526 3633 560 3687 de
579 3633 745 3687 hominibus
764 3633 851 3686 etiam
871 3632 927 3687 dici
946 3651 982 3687 ex
1000 3632 1046 3686 his
1065 3632 1136 3685 locis
1155 3631 1336 3702 perspicitur:

334 3722 423 3776 Arist.
443 3722 565 3793 Lysistr.
586 3713 664 3777 1269}
696 3721 753 3774 Ταν
773 3721 894 3793 αἱμυλᾶν
913 3715 1067 3783 ἀλωπέκων,
1088 3720 1173 3790 Soph.
1187 3720 1270 3775 Aiax.
1290 3722 1343 3776 389
1362 3723 1397 3776 de

228 3813 305 3867 ulixe
324 3805 371 3864 τὸν
390 3805 587 3882 αἱμυλώτατον,
607 3812 642 3865 de
655 3811 755 3866 eodem
774 3811 804 3864 in
814 3811 900 3865 RheS.
920 3830 947 3866 v.
961 3811 1014 3864 498
1028 3803 1218 3880 αἱμυλώτατον
1236 3804 1395 3882 κρότημ’-

224 3894 382 3958 Ὀδυσσεύς.
402 3902 437 3954 Ν.
456 3901 582 3955 Bachius
601 3899 725 3969 (Solonis
748 3900 935 3955 Atheniensis
960 3899 1119 3953 carminum
1143 3918 1215 3969 quae
1233 3907 1395 3970 supersunt.

227 3993 346 4046 Bonnae
367 3991 435 4044 1825
453 4010 480 4061 p.
492 3991 526 4044 98
545 3991 615 4061 sgm.
634 3992 666 4045 19
681 3989 766 4058 ng.)
791 3988 941 4043 Plutarchi
959 3988 1111 4042 lectionem
1131 3989 1181 4054 ἔντη
1201 3983 1322 4060 αἷμύλου
1340 4008 1397 4044 cer-

228 4081 340 4134 tissime
350 4079 489 4150 Diogenis
502 4086 531 4134 st
543 4079 662 4133 Diodori
682 4080 747 4136 ἔπος
766 4072 861 4129 αἰόλον
881 4084 1027 4148 praestare
1048 4078 1146 4132 sensit.
1175 4079 1277 4150 Inepte
1300 4083 1397 4132 autem

229 4171 263 4225 A.
275 4170 369 4223 Maius
387 4189 414 4240 p.
425 4171 460 4222 22
473 4188 490 4222 a
505 4169 618 4240 (Script.
638 4169 705 4222 hist.
728 4187 793 4224 nov.
805 4169 867 4221 ooll.
882 4169 1092 4236 Bonuae1827)
1112 4162 1231 4238 αἱμύλον
1250 4188 1264 4222 e
1283 4185 1396 4238 praeoe-

229 4259 309 4314 denti
336 4259 486 4312 Plutarchi
515 4258 606 4328 capite
625 4259 659 4310 29
678 4260 724 4309 καὶ
744 4250 797 4328 γὰρ
818 4251 935 4328 αἱμύλον
957 4277 983 4308 τι
1007 4262 1051 4308 καὶ
1082 4259 1234 4327 προσφιλὲς
1253 4256 1325 4325 εἶχεν
1351 4257 1397 4310 de-

230 4355 396 4421 promptum
416 4367 477 4404 esse
497 4348 652 4402 contendit.
688 4349 795 4402 Contra
823 4348 877 4402 hoc
905 4365 920 4402 e
946 4347 1072 4402 carmine
1099 4347 1217 4402 fluxisse
1249 4351 1397 4400 consenta-

229 4457 314 4496 neum
334 4443 386 4494 est.
